2346 3597
835 139 1009 195 GESTA
1037 158 1342 195 MAGNIFICA
1372 158 1556 194 DOMUS
1584 159 1975 194 CARRARIENSIS

402 303 429 325 et
449 302 511 326 eius
530 301 642 325 heredis
663 302 711 325 aut
731 302 775 324 cui
797 301 927 324 dederint
947 300 1050 324 debent
1069 300 1170 324 habere
1190 300 1218 323 et
1236 300 1333 323 tenere
1352 301 1380 322 et
1400 299 1545 330 possidere
1565 300 1593 323 et
1611 305 1724 324 omnem
1744 306 1822 323 suam
1843 299 2023 323 voluntatem
2043 300 2147 324 exinde
2165 298 2259 324 facere

396 348 457 378 jure
482 345 658 378 perpetualis
679 345 772 369 Hvelli
803 346 864 369 sine
887 346 965 369 omni
992 352 1042 368 sua
1062 351 1233 375 suorumque
1251 343 1386 367 heredum
1411 344 1630 368 contradicione
1649 343 1696 367 vel
1716 343 1902 375 repeticione,
1928 343 2008 368 salva
2027 345 2121 368 tamen
2146 345 2262 368 racione

402 390 523 420 domini,
542 392 571 414 et
601 391 641 414 sic
670 390 750 414 dedit
779 389 980 414 Guillielmum
1007 397 1088 413 suum
1114 389 1310 417 vicuomitem,
1330 389 1376 420 qui
1401 388 1481 412 daret
1509 389 1534 412 ei
1556 389 1589 413 de
1616 388 1753 420 predictis
1772 390 1900 412 tenutam
1926 390 1955 412 et
1973 390 2194 419 possessionem,
2214 389 2262 413 sed

403 435 558 459 constituit
578 441 606 458 se
625 435 755 466 precario
776 441 828 465 pro
848 442 880 457 eo
900 433 1058 466 possidere,
1078 433 1167 457 donec
1188 433 1342 456 intraverit
1357 433 1577 464 possessionem,
1592 440 1675 464 quam
1689 433 1847 465 precariam
1862 432 2073 464 possessionem
2093 433 2127 457 ad
2147 440 2263 465 presens

402 480 427 502 ei
449 479 529 502 dedit
548 480 575 503 et
593 479 739 503 refutavit.
765 479 869 502 Penam
891 485 958 501 vero
978 478 1054 502 inter
1068 485 1102 510 ⁴se
1128 479 1332 509 apposuerunt,
1358 476 1435 508 quod
1461 484 1493 500 ea
1512 484 1588 510 pars,
1608 484 1661 508 que
1686 477 1786 501 omnia
1812 477 1941 510 predicta
1968 484 2026 501 non
2052 477 2260 507 observaverit,

403 531 466 554 pars
487 523 563 555 parti
582 523 664 547 fidem
684 523 813 547 servanti
834 523 951 546 nomine
969 529 1041 554 pene
1060 521 1157 545 soldos
1177 522 1283 553 viginti
1298 523 1326 545 et
1340 528 1442 546 novem
1456 523 1623 553 componat,
1638 523 1665 545 et
1678 523 1746 554 post
1759 529 1861 554 penam
1876 521 2002 546 solutam
2017 521 2135 545 libellus
2155 523 2208 546 iste
2228 523 2257 545 in

400 575 452 591 suo
472 569 635 599 permaneat
655 568 766 592 robore.
803 567 838 590 Et
857 567 975 598 insuper
994 574 1104 598 quoque
1123 566 1216 590 dictus
1236 565 1368 589 dominus
1382 565 1501 590 Iacobus
1514 567 1623 599 Juravit
1637 567 1735 589 omnia
1749 566 1877 598 predicta
1891 565 2038 590 attendere
2050 567 2079 589 et
2092 565 2249 595 observare,

399 613 432 636 ut
452 613 580 644 superius
600 612 714 644 legitur,
735 614 763 636 et
782 612 933 636 occasione
952 611 1075 634 minoris
1095 611 1181 634 etatis
1201 610 1246 634 vel
1268 610 1327 634 alia
1354 617 1411 634 non
1437 610 1648 639 contravenire,
1672 610 1750 634 unde
1775 611 1832 635 duo
1850 612 2043 634 instrumenta
2067 617 2126 634 uno
2151 611 2250 634 tenore

404 656 480 680 facta
500 658 575 681 sunt.
1427 682 1435 686 ,

491 701 596 725 Actum
615 701 645 724 in
666 701 816 725 Pernumia
837 708 920 732 supra
940 700 1054 724 domurn
1076 699 1259 724 dominorum
1280 699 1313 723 de
1334 698 1477 724 Carraria.

491 746 519 770 S.
540 747 577 769 N.
597 745 656 777 Ego
677 746 840 774 Iacobinus,
860 745 969 769 domini
989 745 1106 769 Henrici
1128 745 1312 776 imperatoris
1333 745 1472 772 notarius,
1486 743 1552 768 huic
1566 745 1725 768 contractui
1747 743 1867 768 interfui
1882 745 1910 768 et
1923 746 2018 775 prout,
2039 743 2138 767 melius
2152 743 2250 767 audivi

404 792 432 814 et
453 791 594 820 intellexi,
614 792 693 823 J'ussu
713 798 809 814 eorum
828 790 996 822 subscripsi.

493 835 521 860 S.
542 836 576 859 N.
597 835 657 867 Ego
676 835 828 864 Vivianus,
846 836 919 859 sacri
940 835 1042 867 palatii
1064 834 1202 864 notarius,
1225 834 1343 858 interfui
1364 837 1392 857 et
1411 833 1466 857 hoc
1486 834 1566 866 jussu
1585 840 1682 857 eorum
1703 833 1814 865 scripsi.

490 923 551 954 Ego
572 924 732 953 Paduanus,
751 924 835 957 J'udex
855 924 1068 956 infr-ascriptus,
1088 923 1242 954 subscripsi

492 969 552 999 Ego
573 968 725 995 Mattheus,
746 969 875 992 notarius
895 969 988 992 socius
1008 975 1040 992 ac
1060 968 1141 991 testis
1160 968 1373 998 infrascriptus,
1393 974 1436 990 me
1456 966 1610 999 subscripsi
1630 968 1658 990 et
1678 966 1825 990 ascultavi.

493 1013 521 1037 S.
541 1013 578 1036 N.
598 1012 658 1043 Ego
678 1013 848 1040 Bernardus.
868 1013 938 1036 olim
959 1012 1071 1036 domini
1088 1011 1165 1036 Petri
1187 1012 1292 1036 iudicis
1319 1012 1351 1035 de
1378 1010 1502 1035 Cascllis
1521 1011 1607 1041 filiuS,
1633 1011 1706 1034 civis
1726 1011 1882 1042 paduanus,
1906 1011 1954 1041 qui
1974 1011 2073 1035 habito
2099 1011 2194 1035 Padue
2221 1012 2250 1034 in

405 1058 549 1087 quarterio
569 1056 654 1080 Domi
675 1058 702 1081 et
721 1058 865 1081 contratta
878 1056 976 1081 Sancti
991 1057 1078 1085 Petri,
1097 1057 1220 1080 existens
1235 1058 1264 1080 in
1279 1056 1376 1080 officio
1389 1057 1550 1080 communis
1564 1055 1666 1087 Padue,
1688 1056 1721 1079 ad
1737 1055 1845 1079 discum
1865 1055 1974 1084 Dulcis,
1996 1055 2138 1087 imperiali
2154 1057 2250 1079 aucto-

405 1103 490 1125 ritate
502 1101 632 1133 publicus
652 1103 724 1125 sacri
746 1102 852 1133 palacii
873 1103 1014 1131 notarius,
1035 1102 1064 1124 in
1085 1102 1220 1133 regimine
1235 1101 1344 1124 nobilis
1360 1101 1414 1124 viri
1436 1101 1547 1124 domini
1568 1100 1674 1124 Marini
1689 1099 1781 1124 Faleri
1798 1099 1832 1123 de
1852 1099 1993 1128 Veneciis,
2008 1100 2137 1123 civitatis
2156 1099 2252 1124 Padue

405 1146 587 1170 honorabilis
607 1147 767 1178 potestatis,
787 1153 881 1169 coram
902 1147 1031 1177 sapiente
1050 1145 1114 1174 viro
1134 1145 1254 1169 domino
1274 1144 1410 1169 Paduano
1430 1145 1464 1168 de
1484 1144 1631 1174 Fantellis,
1651 1145 1745 1168 iudice
1770 1146 1797 1168 et
1819 1143 1939 1168 officiali
1958 1144 1993 1168 ad
2015 1144 2122 1167 dictum
2143 1144 2251 1167 discum

405 1190 515 1218 Dulcis,
534 1190 712 1222 presentibus
732 1190 942 1220 Bartholameo,
963 1189 1106 1220 quondam
1120 1189 1273 1218 Anthonii,
1285 1189 1411 1218 Matheo,
1426 1189 1568 1220 quondam
1582 1189 1753 1217 Desiderati,
1767 1189 1903 1212 ambobus
1918 1189 1951 1212 de
1965 1189 2096 1212 contrata
2109 1188 2252 1217 Parencii,

406 1234 559 1258 Anthonio
579 1236 692 1258 notario
713 1235 746 1258 de
765 1235 940 1262 Broialosso,
959 1234 1104 1265 quondam
1119 1234 1266 1266 Stephani,
1280 1234 1313 1257 de
1328 1235 1461 1258 contrata
1474 1234 1582 1258 Domus
1596 1234 1659 1261 Dei,
1672 1234 1795 1258 testibus
1818 1233 1942 1257 notariis
1957 1235 1984 1256 et
1995 1233 2080 1257 sociis
2094 1233 2129 1256 ad
2144 1232 2252 1256 dictum

406 1279 523 1307 discum,
543 1280 570 1303 et
589 1280 666 1308 aliis,
686 1279 755 1302 dicti
775 1279 881 1312 judicis
899 1279 979 1311 jussu
999 1280 1026 1302 et
1046 1278 1226 1308 auctoritate,
1253 1279 1427 1302 statutorum
1454 1278 1613 1302 communis
1639 1278 1733 1302 Padue
1759 1278 1941 1302 solemnitate
1964 1279 1991 1301 et
2019 1278 2111 1301 forma
2132 1279 2252 1305 servata,

407 1323 622 1356 ultrascriptum
641 1323 863 1347 instrumentum
884 1330 916 1347 ex
935 1324 1084 1347 autentico
1104 1323 1286 1353 ultrascripti
1304 1321 1426 1346 Viviani
1447 1323 1554 1346 notarii
1574 1324 1601 1346 et
1628 1322 1816 1354 subscriptum
1842 1329 1891 1353 per
1916 1321 2081 1346 Ia‘cobInum
2109 1322 2253 1345 notarium

405 1367 621 1400 ultrascriptum
641 1367 763 1391 fideliter
783 1367 942 1399 exemplavi
963 1369 1102 1400 signoque
1121 1374 1183 1391 meo
1205 1367 1295 1391 solito
1315 1367 1459 1395 roboravi,
1480 1367 1522 1390 nil
1542 1367 1572 1390 in
1593 1373 1626 1390 eo
1645 1367 1751 1390 addens
1772 1366 1816 1391 vel
1835 1367 1975 1395 minuens,
1989 1365 2064 1397 quod
2079 1367 2252 1389 sentenciam

405 1414 505 1440 mutet,
518 1414 648 1436 currente
659 1419 735 1436 anno
746 1412 866 1436 Domini
879 1411 1034 1436 millesimo
1051 1411 1252 1436 trecentesimo
1266 1412 1502 1444 quinquagesimo
1516 1411 1619 1442 primo,
1634 1411 1782 1435 indicione
1795 1412 1904 1442 quarta,
1918 1411 1964 1435 die
1978 1411 2044 1434 lune
2058 1412 2162 1434 octavo
2177 1417 2253 1434 men-

406 1457 444 1480 sis
464 1458 587 1489 augusti,
607 1458 747 1489 regimine
774 1457 931 1481 antedicto.

491 1545 544 1580 27.
573 1545 653 1587 [13].
679 1563 718 1568 --
750 1546 837 1578 Item
863 1547 941 1577 ‘uno
969 1545 1056 1577 altro
1079 1545 1306 1578 instrumento
1448 1544 1501 1579 27.
1527 1543 1604 1586 [13].
1629 1563 1671 1567 —
1696 1544 1963 1576 instrumentum
1979 1543 2150 1576 sententie
2167 1541 2259 1575 arbi-

405 1599 450 1631 de
480 1609 549 1630 una
583 1600 764 1631 sentencia
803 1599 894 1630 dada
928 1609 993 1640 per
1027 1599 1051 1630 li
1090 1598 1308 1640 infrascripti

405 1652 524 1684 arbitri
548 1651 685 1684 mesieri
715 1652 856 1694 Rogato
888 1659 924 1685 et
954 1651 1153 1689 Schenella‚
1177 1651 1308 1695 eudesi,

404 1705 439 1736 in
464 1705 496 1738 le
521 1705 692 1747 question,
717 1707 782 1736 che
807 1715 866 1737 era
890 1707 946 1736 fra
968 1706 979 1736 i
1003 1705 1147 1747 preditti
1164 1704 1306 1736 fradelli

405 1758 533 1790 mesier
548 1759 688 1790 Iacomo
713 1765 746 1789 et
762 1757 927 1790 Albertin
944 1759 989 1790 da
1005 1759 1156 1790 Carrara
1179 1759 1224 1789 da
1240 1768 1308 1788 una

405 1817 505 1853 parte
529 1817 563 1843 et
586 1811 710 1843 mesier
736 1811 881 1854 Albrigo
907 1812 1009 1850 Lion,
1026 1822 1064 1843 so
1087 1822 1231 1855 german
1249 1822 1308 1843 co-

404 1865 468 1907 sin,
493 1865 538 1896 da
555 1865 666 1896 l’altra
682 1870 793 1906 parte,
812 1871 846 1896 et
863 1865 942 1897 dela
965 1865 1106 1907 segurta
1130 1865 1222 1896 dada
1245 1873 1309 1906 per

1360 1604 1489 1629 trorum
1512 1598 1816 1639 insrascriptorum
1834 1598 2053 1629 dominorum
2071 1596 2202 1640 Rogati
2225 1601 2260 1628 et

1360 1651 1552 1688 Schinelle‚
1566 1651 1729 1688 iudicum,
1743 1651 1813 1682 late
1825 1651 1860 1682 in
1873 1650 2112 1693 questionibus
2123 1656 2262 1682 verten-

1359 1704 1450 1736 tibus
1480 1705 1571 1736 inter
1602 1704 1761 1736 dominus
1782 1704 1947 1736 Iacobum
1971 1709 2006 1735 et
2036 1703 2260 1736 Albertinum

1358 1758 1486 1789 fratres
1502 1758 1545 1789 de
1563 1757 1726 1789 Carraria
1747 1768 1790 1788 ex
1812 1768 1880 1789 una
1903 1763 2001 1799 parte
2025 1763 2060 1789 et
2082 1757 2259 1789 dominum

1361 1811 1542 1843 Albricum
1565 1811 1721 1843 Leonem
1745 1822 1787 1843 ex
1810 1811 1930 1848 altera,
1947 1817 1982 1842 et
2004 1810 2200 1842 securitatis
2216 1810 2260 1842 de

1361 1864 1516 1905 parendo
1542 1864 1633 1896 dicte
1657 1863 1840 1896 sententie.

406 1918 417 1948 i
441 1918 623 1950 sovraditti
647 1919 692 1949 de
709 1917 854 1950 obedire
871 1918 926 1950 ala
948 1917 1147 1955 sentencia;
1173 1924 1207 1949 et
1223 1929 1307 1960 que·

406 1977 458 2002 sto
483 1981 547 2012 per
571 1981 675 2003 cason
693 1971 773 2002 dela
797 1971 953 2012 partison
977 1976 1031 2002 tra
1053 1971 1128 2003 loro
1154 1970 1233 2002 dele
1249 1980 1308 2002 soe

408 2025 551 2067 fortece,
575 2025 784 2066 possession,
808 2025 907 2056 feudi
931 2031 967 2056 et
990 2023 1162 2056 vassalli¹.

497 2133 529 2157 In
551 2135 667 2157 nomine
685 2133 815 2159 Domini.
852 2134 940 2157 Anno
960 2141 976 2157 a
997 2134 1154 2158 nativitate
1167 2133 1293 2157 eiusdem
1307 2133 1465 2157 millesimo
1480 2133 1672 2157 ducentesimo
1687 2133 1790 2164 quinto
1805 2131 1923 2162 decimo,
1939 2132 2089 2156 indicione
2102 2132 2199 2162 tercia,
2213 2131 2259 2155 die

411 2180 491 2202 sexto
517 2179 646 2203 intrante
672 2179 757 2207 maio,
784 2179 815 2202 in
843 2180 990 2210 presencia
1017 2178 1175 2207 Litanoris,
1201 2177 1347 2202 Gabrielis
1374 2178 1407 2202 de
1431 2178 1550 2208 Trento,
1575 2176 1714 2207 Taurelli,
1740 2176 1860 2206 Cavace,
1886 2176 2048 2201 Vallariani
2074 2176 2258 2205 Varientelli,

411 2223 548 2247 Iohannis
568 2223 602 2246 de
622 2223 744 2251 Ysacho,
765 2222 887 2247 Gerardi
906 2223 939 2247 de
960 2222 1085 2247 Caurola
1105 2226 1131 2247 et
1153 2223 1285 2247 aliorum.
1322 2223 1464 2246 Dominus
1483 2222 1600 2246 Iacobus
1620 2224 1647 2245 et
1667 2221 1837 2245 Albertinus
1859 2222 1960 2245 fratres
1980 2221 2013 2245 de
2033 2220 2169 2246 Carraria
2194 2228 2258 2253 pro·

412 2267 551 2291 miserunt
575 2269 603 2291 et
628 2267 743 2291 vadiam
769 2267 908 2292 dederunt
931 2268 1049 2292 domino
1075 2268 1219 2293 Schinelle
1244 2269 1271 2291 et
1296 2266 1421 2299 Rogato,
1445 2266 1598 2297 iudicibus,
1619 2268 1649 2290 in
1675 2273 1747 2298 pena
1767 2265 1847 2289 mille
1869 2266 2044 2290 marcharum
2065 2267 2257 2298 argentarum,

411 2312 507 2335 standi
522 2314 550 2336 et
564 2312 697 2336 manendi
719 2312 841 2336 arbitrio
862 2313 940 2336 dicto
960 2314 989 2336 et
1007 2312 1172 2341 concordia,
1191 2312 1265 2343 quod
1285 2311 1420 2335 dominus
1439 2311 1585 2336 Schinella
1605 2312 1633 2335 et
1652 2310 1786 2340 dominus
1805 2309 1934 2342 Rogatus
1954 2310 2037 2334 iudex
2058 2311 2087 2334 in
2103 2310 2258 2335 concordia

411 2356 549 2387 dixerint,
571 2356 743 2380 diffinierint
762 2359 790 2380 et
809 2358 989 2389 preceperint
1009 2357 1043 2381 de
1062 2357 1195 2381 omnibus
1214 2356 1314 2380 litibus
1334 2358 1361 2380 et
1381 2356 1535 2380 discordiis
1560 2358 1588 2380 et
1614 2355 1810 2379 divisionibus
1835 2355 1977 2379 faciendis
1996 2355 2030 2379 de
2048 2361 2145 2379 eorum
2164 2354 2258 2385 bonis,

413 2408 464 2432 que
489 2402 570 2424 erant
598 2402 673 2425 inter
692 2402 835 2432 predictos
856 2402 957 2425 fratres
977 2409 1010 2426 ex
1030 2409 1087 2425 una
1106 2403 1187 2433 parte
1205 2402 1233 2425 et
1259 2400 1411 2424 Albi-icum
1437 2400 1563 2424 Leonem
1588 2408 1620 2424 ex
1646 2400 1712 2429 alia,
1738 2400 1950 2432 promittentes,
1975 2400 2114 2431 quidquid
2135 2399 2256 2432 predicti

411 2446 522 2470 domini
540 2445 685 2470 Schinella
706 2448 733 2470 et
753 2446 884 2478 Rogatus
904 2446 1040 2475 dixerint,
1060 2445 1168 2469 firmum
1188 2447 1216 2469 et
1236 2447 1326 2469 ratum
1345 2445 1504 2474 habituros,
1524 2446 1551 2468 et
1571 2445 1686 2469 domine
1706 2444 1826 2469 Mariete
1847 2445 1982 2469 similiter
1999 2452 2061 2468 curn
2075 2444 2258 2476 obligacione

411 2490 563 2520 bonorum,
582 2490 791 2514 constituentes
810 2497 839 2514 se
860 2498 912 2522 pro
932 2491 972 2514 eis
992 2491 1145 2522 possidere.
1183 2488 1379 2513 Fideiussores
1405 2490 1629 2520 uniuscuiusque
1655 2489 1685 2513 in
1711 2490 1803 2513 totum
1830 2489 1907 2513 fuere
1933 2488 2067 2513 dominus
2089 2488 2258 2513 Leonardus

411 2534 602 2566 MenegaciuS,
629 2534 811 2558 Tardivellus
830 2534 968 2558 Tudisius
989 2534 1021 2558 de
1042 2534 1221 2566 Curniglana
1241 2535 1269 2557 et
1288 2532 1478 2564 Pasqualinus
1497 2535 1525 2558 et
1542 2533 1664 2557 Ioannes
1684 2534 1717 2557 de
1730 2533 1816 2563 Vivo,
1834 2533 2036 2558 renunciantes
2055 2532 2179 2565 epistole
2196 2532 2257 2557 divi

413 2578 547 2603 Adriani.
585 2578 643 2607 Qui
663 2578 856 2611 promiserunt
877 2579 1022 2603 attendere
1042 2587 1104 2603 cum
1124 2578 1307 2610 ohligacione
1321 2578 1472 2608 bonorum,
1487 2578 1541 2602 nisi
1557 2577 1680 2609 predicti
1696 2577 1797 2602 (ratres
1811 2578 2000 2606 attenderent,
2015 2577 2167 2602 secundum
2182 2576 2257 2609 quod

413 2624 540 2655 superius
561 2621 666 2648 dictum
687 2625 738 2654 est,
759 2630 808 2647 nec
828 2630 857 2647 se
877 2623 1042 2654 defendent,
1067 2631 1101 2648 eo
1121 2624 1195 2655 quod
1221 2630 1273 2655 pro
1299 2622 1460 2646 minoribus
1487 2623 1714 2652 incercesserint,
1739 2624 1769 2646 ut
1796 2623 1852 2653 ipsi
1879 2621 2071 2646 nihilominus
2097 2622 2255 2652 teneantur,

412 2669 541 2700 quamvis
567 2669 623 2700 ipsi
650 2670 766 2701 possent
792 2667 831 2693 se'
845 2669 918 2692 tueri
939 2669 1091 2692 occasione
1110 2668 1237 2692 minoris
1252 2667 1336 2690 etatis
1357 2667 1402 2690 vel
1423 2666 1488 2695 alia,
1509 2668 1537 2690 et
1557 2668 1587 2690 ut
1607 2668 1723 2698 possint
1742 2673 1798 2690 una
1818 2667 1880 2690 vice
1906 2665 1950 2690 vel
1970 2666 2100 2696 pluribus
2119 2665 2258 2689 arbitrare

413 2713 458 2737 vel
480 2713 613 2741 diffinire,
633 2715 661 2737 et
680 2714 847 2744 quandoque
868 2713 1024 2743 voluerint,
1045 2712 1174 2745 partibus
1193 2711 1357 2736 absentibus
1378 2711 1421 2735 vel
1443 2712 1628 2743 presentibus.
1667 2711 1703 2735 Et
1722 2712 1816 2736 dictus
1836 2712 1968 2736 dominus
1981 2711 2102 2735 Iacobus
2120 2711 2256 2743 parabola

414 2758 559 2782 Albertini
580 2757 680 2782 fratris
699 2759 741 2782 sui
763 2758 868 2786 omnia,
888 2765 940 2789 que
960 2758 1088 2789 superius
1110 2757 1252 2790 leguntur,
1271 2757 1381 2789 Juravit
1401 2757 1548 2780 attendere
1571 2759 1599 2780 et
1614 2757 1694 2780 nulla
1707 2758 1819 2781 ratione
1835 2764 1885 2780 nec
1900 2757 2059 2787 occasione,
2073 2763 2123 2780 nec
2137 2756 2260 2780 minoris

415 2802 509 2831 etatis,
529 2809 580 2826 nec
600 2802 695 2833 aliqua
716 2803 922 2827 contravenire.
961 2802 1089 2826 Similem
1109 2802 1329 2834 promissionem
1350 2803 1377 2824 et
1397 2801 1609 2832 obligacionem
1631 2801 1698 2825 fecit
1717 2801 1853 2825 Albricus
1878 2799 1936 2825 Leo
1963 2801 1994 2824 in
2015 2801 2148 2824 manibus
2169 2800 2259 2824 domi-

416 2854 516 2871 norum
535 2846 681 2871 Schinelle
701 2849 727 2870 et
746 2846 855 2879 Rogati
873 2848 988 2879 judicis,
1002 2849 1029 2871 et
1048 2847 1171 2871 similem
1186 2846 1300 2870 vadium
1321 2845 1410 2874 dedit,
1429 2847 1457 2869 et
1472 2845 1521 2869 sub
1534 2845 1662 2877 predicta
1681 2852 1754 2878 pena
1772 2845 1950 2870 fideiussores
1966 2846 1995 2869 in
2015 2845 2150 2869 omnibus
2169 2847 2196 2869 et
2210 2853 2259 2879 per

505 2949 510 2965 ¹
534 2950 702 2974 I'ubblicato
722 2949 801 2974 dalla
821 2949 920 2978 Zonzr,
939 2954 980 2980 op.
1000 2950 1053 2980 cit.,
1075 2957 1100 2982 p.
1122 2948 1174 2982 296
1193 2956 1261 2981 sgg.;
1276 2949 1311 2972 cf.
1366 2947 1494 2977 cimmo,
1515 2948 1614 2972 Albero
1634 2949 1692 2977 cit„
1713 2956 1739 2980 p.
1764 2955 1801 2980 19,
1823 2947 1864 2972 26.

2297 475 2313 501 5

2282 696 2315 723 10

2284 964 2315 990 15

2283 1184 2318 1212 20

2283 1408 2318 1433 25

2288 1712 2330 1743 30

2288 1978 2329 2010 35

2289 2262 2323 2289 40

2289 2486 2322 2512 45

2287 2708 2323 2735 50
