2346 3597
476 1296 529 1327 62.
552 1313 595 1317 —
615 1294 848 1326 Instrumento
874 1293 917 1324 de
941 1291 1190 1333 l’infrascripte
1207 1301 1286 1332 pos-

387 1350 517 1382 session
540 1346 729 1390 comprade
753 1356 816 1388 per
838 1345 963 1377 mesier
988 1345 1196 1382 Francesco,
1219 1344 1284 1376 che

387 1404 424 1435 fo
449 1403 493 1434 de
517 1402 641 1433 mesier
664 1400 767 1432 Piero
792 1398 903 1431 Conte
921 1399 965 1430 da
981 1399 1140 1434 Carrara,
1156 1397 1202 1430 da
1216 1408 1287 1429 me-

387 1457 457 1488 sier
481 1457 690 1492 Framesco,
715 1454 780 1485 che
803 1453 842 1485 fo
867 1453 911 1485 de
928 1452 1054 1484 mesier
1070 1451 1204 1484 Uberto
1221 1451 1287 1483 Bo-

387 1509 530 1547 cadava,
548 1508 627 1541 dela
645 1506 765 1539 contra
787 1506 830 1537 de
850 1506 921 1538 San
938 1504 1073 1538 Mathio
1091 1505 1138 1537 da
1153 1504 1250 1537 Pava
1263 1504 1284 1536 ¹.

733 140 908 189 GESTA
937 151 1241 188 MAGNIFICA
1275 149 1462 185 DOMUS
1492 147 1882 184 CARRARIENSIS

1327 280 1470 323 dignum
1487 279 1670 322 judicaret,
1693 289 1754 311 seu
1771 279 1830 321 qui
1853 277 2065 321 quotidianis
2082 276 2231 310 motibus

1329 333 1474 366 tendere
1513 333 1549 364 in
1587 332 1687 374 peius
1721 329 1858 363 assidue
1892 330 2014 362 urbem
2048 331 2232 372 aspiceret,

1328 386 1496 419 civilitate
1519 386 1682 429 neglecta
1707 385 1840 416 iuvenis
1869 384 1964 422 satis,
1987 394 2066 415 rure
2098 394 2232 416 mansu-

1330 451 1387 472 rus
1411 439 1527 482 elegit,
1550 438 1666 481 ibique
1683 449 1788 480 opum
1811 448 1948 470 suarum
1972 437 2148 480 prodigus,
2161 448 2231 470 non

1328 494 1402 525 sine
1426 492 1624 535 ingentibus
1648 491 1814 533 impensis
1837 491 1872 522 in
1896 491 2163 523 decurrentibus
2185 492 2232 523 ad

1330 557 1366 578 se
1397 545 1518 577 amicis
1551 544 1752 577 civilitatem
1784 543 1981 581 exercebat,
2010 549 2045 575 et
2075 544 2164 576 adeo
2195 549 2233 576 ut

1331 599 1501 631 ruralibus
1534 604 1658 631 exutus
1695 597 1859 634 morfflus,
1892 597 1977 629 licet
2014 603 2232 640 repugnante

1333 659 1464 689 natura,
1496 652 1630 684 villicos
1660 661 1740 683 suos
1770 650 1815 683 ad
1847 650 1915 695 vite
1951 650 2233 692 compositionem

1332 705 1553 746 addux[er]it.
1585 705 1662 746 Ipse
1678 714 1774 742 vero,
1787 704 1875 736 dans
1887 709 1964 745 post
1979 702 2086 735 multo
2101 704 2170 747 jam
2187 703 2234 734 vi·-

1331 759 1504 796 rilitatem,
1527 757 1668 790 indutus
1684 758 1874 790 amicorum
1899 762 2034 800 rogatu,
2058 756 2233 789 civitatem

1332 811 1446 849 rediit,
1470 811 1528 843 ubi
1552 821 1691 843 suorum
1707 821 1839 842 morum
1859 811 2027 842 maiorum
2043 809 2235 842 carrarien-

1333 866 1378 896 sis
1402 865 1602 907 propaginis
1619 875 1701 897 mox
1725 863 1941 896 nobilitatem
1958 855 2127 896 vetustam
2153 873 2234 895 evo-

1334 919 1406 956 mit,
1430 919 1534 950 armis
1550 924 1584 950 et
1601 918 1699 961 equis
1725 917 1930 956 delectatus,
1953 916 2149 960 injuriosus,
2171 917 2235 948 sed

1334 972 1472 1004 nescius
1507 972 1686 1014 iniuriare,
1725 970 1881 1002 oblivisci
1921 970 2061 1008 amicos,
2100 969 2236 1013 negatis

1335 1035 1509 1068 nunquam
1535 1018 1708 1067 obsequiis
1739 1023 1919 1067 agregavit
1950 1023 2080 1055 amicis.
2125 1023 2236 1055 Patri-

1335 1079 1514 1116 moniales,
1538 1078 1621 1110 licet
1644 1077 1814 1120 ingentes,
1838 1076 1934 1108 auxit
1956 1086 2050 1119 opes,
2074 1076 2166 1119 quod
2191 1076 2235 1108 de

1336 1133 1462 1170 multis,
1487 1132 1569 1165 licet
1599 1131 1672 1173 ipse
1697 1130 1901 1169 subticeam,
1924 1129 2146 1173 subsequenti
2170 1140 2235 1174 ego

1337 1186 1545 1218 documento
1569 1183 1716 1217 docebo.

1427 1291 1481 1322 62.
1496 1308 1537 1312 -
1552 1289 1818 1321 Instrumentum
1843 1289 2141 1330 infrascriptarum
2160 1299 2238 1331 pos-

1338 1344 1527 1377 sessionum
1565 1348 1758 1384 emptarum
1793 1352 1856 1384 per
1890 1341 2065 1374 dominum
2096 1343 2238 1375 Franci-

1339 1409 1446 1438 scum,
1484 1396 1658 1440 quondam
1698 1395 1833 1428 domini
1874 1395 1969 1427 Petri
2009 1395 2154 1428 Comitis
2192 1396 2237 1428 de

1339 1450 1510 1488 Carraria,
1527 1460 1547 1481 a
1561 1449 1700 1482 domino
1716 1449 1905 1481 Francisco
1918 1449 2093 1491 quondam
2106 1448 2239 1481 domini

1340 1504 1464 1536 Uber-ti
1498 1503 1542 1535 de
1577 1502 1799 1540 Boccadava,
1834 1502 1878 1534 de
1916 1507 2095 1535 contracta
2118 1501 2238 1535 Sancti

1339 1556 1488 1589 Matthei
1514 1557 1558 1588 de
1581 1547 1712 1588 Padua.

481 1665 569 1688 Anno
589 1664 701 1687 domini
723 1661 879 1685 millesimo
900 1661 1097 1685 ducentesimo
1118 1663 1328 1694 septuagesimo
1352 1668 1440 1691 nono,
1465 1660 1614 1684 indicione
1639 1661 1770 1693 septima,
1796 1659 1843 1683 die
1868 1659 2085 1691 quintodecimo
2112 1661 2241 1684 intrante

391 1710 533 1738 ianuario,
553 1708 656 1736 Padue,
677 1708 707 1731 in
729 1706 905 1730 monasterio
926 1705 1047 1729 fratrum
1068 1707 1212 1729 minorum
1233 1706 1305 1730 beati
1328 1707 1417 1730 sancti.
1438 1705 1584 1729 Anthonii
1610 1705 1644 1728 de
1669 1704 1773 1732 Padua,
1794 1704 1976 1735 presentibus
2004 1704 2091 1728 fratre
2111 1704 2240 1728 Nassim-

394 1755 473 1783 bene,
492 1752 652 1785 guardiano
673 1751 792 1774 fratrum
813 1751 965 1779 minorum,
986 1749 1106 1773 domino
1126 1749 1227 1781 Ugone
1247 1750 1383 1778 Denario.
1403 1750 1521 1774 doctore
1540 1750 1642 1781 legum,
1664 1750 1807 1781 quondam
1834 1749 1945 1773 domini
1971 1748 2108 1774 Patavini
2133 1750 2239 1774 iudicis

395 1799 428 1822 de
448 1798 543 1822 Medio
564 1797 675 1821 Abbate
694 1796 728 1819 de
748 1795 853 1825 Padua,
873 1794 991 1818 domino
1012 1794 1241 1823 Aldrevandino,
1262 1795 1364 1824 iudice,
1379 1795 1440 1818 filio
1454 1794 1577 1827 predicti
1593 1794 1705 1819 domini
1720 1794 1830 1826 Ugonis
1844 1794 1982 1824 Denario,
1995 1794 2124 1819 doctoris
2137 1795 2238 1827 legum,

390 1844 501 1868 domini
522 1842 673 1875 Laevino,
695 1841 797 1869 iudice,
818 1840 879 1863 filio
899 1839 1011 1864 domini
1039 1839 1187 1870 Amadini,
1215 1839 1335 1864 domino
1361 1840 1482 1864 Albrico
1507 1839 1612 1870 Leone,
1637 1839 1698 1863 filio
1723 1839 1866 1870 quondam
1893 1839 2004 1863 domini
2030 1839 2177 1864 Francisei
2204 1841 2238 1865 de

389 1888 533 1915 Carraria,
553 1886 736 1918 Aldigherio,
747 1884 892 1916 quondam
912 1881 1082 1917 Bon[if]acii
1098 1884 1131 1908 de
1145 1883 1232 1908 Cesso
1252 1886 1280 1908 et
1295 1891 1369 1908 nunc
1384 1886 1511 1908 moratur
1526 1885 1556 1907 in
1571 1884 1643 1908 villa
1658 1884 1755 1908 Sancti
1769 1883 1836 1911 Siri,
1849 1883 1988 1914 Martum,
2002 1884 2145 1915 quondam
2160 1885 2236 1918 Ugo-

391 1934 436 1956 nis
456 1933 489 1956 de
509 1931 607 1960 Karlo,
627 1931 674 1962 qui
696 1930 752 1954 fuit
773 1929 806 1953 de
827 1928 944 1953 Mantua
965 1930 992 1952 et
1013 1935 1087 1952 nunc
1108 1930 1165 1952 stat
1184 1929 1288 1957 Padue,
1308 1931 1335 1952 et
1354 1929 1509 1953 Albertino
1530 1929 1655 1958 notario,
1674 1936 1701 1960 q.
1720 1928 1857 1952 Iohannis
1878 1929 1911 1953 de
1925 1928 2154 1961 Tholamquui
2172 1929 2239 1954 huic

393 1978 584 2001 instrumento
604 1975 778 1999 subscribere
801 1974 892 2003 debet,
911 1975 939 1997 et
959 1974 1035 2004 alim,
1055 1974 1175 1997 testibus
1195 1975 1304 2006 rogatis
1323 1973 1400 1998 etad
1413 1974 1462 1997 hec
1477 1973 1640 2005 specialiter
1654 1974 1829 1997 convocatis.
1867 1974 2010 1997 Dominus
2024 1973 2202 2005 Franciscus,
2214 1982 2240 2006 q.

390 2022 415 2045 d.
438 2021 537 2045 Uberti
557 2021 590 2044 de
611 2019 761 2044 Bocadava
781 2020 813 2043 de
834 2019 967 2042 contrata
986 2017 1013 2041 S.
1034 2018 1142 2042 Mathei
1163 2018 1197 2042 de
1217 2017 1313 2042 Padua
1333 2026 1386 2050 pro
1414 2018 1497 2042 libris
1518 2018 1596 2042 mille
1623 2019 1650 2042 et
1675 2018 1811 2042 trecentis
1837 2018 2019 2042 denariorum
2044 2019 2242 2051 venecialium‚

391 2073 459 2097 quas
481 2066 596 2089 nomine
616 2065 700 2093 finiti,
719 2065 789 2097 justi
810 2065 836 2087 et
856 2063 992 2087 conventi
1014 2063 1102 2094 precii
1124 2063 1309 2094 guarentavit
1323 2065 1349 2087 et
1364 2062 1509 2086 consessus
1530 2063 1586 2086 fuit
1600 2065 1684 2094 atque
1699 2063 1869 2087 manifestus
1882 2070 1910 2087 se
1925 2063 2096 2087 manualiter
2109 2064 2241 2088 habuisse

389 2112 416 2135 et
436 2111 574 2143 recepisse
593 2111 621 2133 et
640 2110 693 2133 sibi
717 2108 889 2132 manualiter
909 2109 935 2132 et
956 2107 1172 2139 presencialiter
1193 2109 1360 2138 numeratas,
1383 2108 1492 2132 solutas
1511 2109 1538 2131 et
1557 2107 1679 2132 traditas
1700 2108 1761 2132 fore
1780 2109 1851 2132 etin
1867 2109 1988 2132 veritate
2007 2108 2108 2132 habuit
2120 2110 2149 2133 et
2168 2116 2241 2133 rece-

392 2157 435 2188 pit
455 2163 549 2179 coram
570 2155 690 2178 testibus
709 2153 883 2186 supradictis
903 2160 918 2176 a
939 2153 964 2176 d.
984 2152 1148 2181 Francisco,
1166 2151 1228 2176 filio
1247 2159 1273 2183 q.
1296 2152 1322 2175 d.
1350 2152 1426 2176 Petri
1454 2151 1577 2176 Comitis
1604 2152 1636 2176 de
1664 2152 1806 2180 Carraria.
1835 2152 1868 2176 de
1894 2160 1950 2184 quo
1976 2152 2072 2186 precio
2091 2155 2120 2177 et
2139 2154 2242 2185 quibus

393 2200 518 2223 denariis
540 2199 655 2223 vocavit
675 2199 731 2222 sibi
752 2198 878 2221 solutum
898 2204 957 2221 esse
976 2198 1004 2220 et
1023 2197 1094 2221 bene
1113 2199 1243 2229 pacatum
1264 2199 1291 2221 et
1312 2197 1425 2228 plenam
1446 2197 1475 2220 in
1496 2204 1524 2220 se
1545 2197 1723 2221 solucionem
1743 2198 1844 2221 habere
1863 2198 1939 2221 dixit
1953 2198 1987 2221 ab
2001 2197 2098 2222 eodem
2113 2198 2138 2222 d.
2153 2198 2241 2223 Fran—

394 2245 477 2273 cisco,
498 2244 558 2268 filio
578 2252 603 2275 q.
624 2244 650 2267 d.
670 2244 747 2267 Petri
767 2242 902 2272 Comitis,
922 2242 1031 2265 faciens
1050 2242 1075 2265 ei
1090 2243 1117 2266 et
1130 2242 1250 2265 solemni
1271 2242 1465 2274 stipulacione
1484 2243 1656 2275 promittens
1677 2244 1798 2274 pactum,
1812 2242 1904 2271 finem,
1918 2243 2242 2271 remissionem,recrea-

395 2289 504 2312 cionem
527 2289 553 2311 et
574 2287 796 2319 promissionem
816 2287 849 2310 de
869 2286 992 2318 amplius
1014 2293 1071 2309 non
1091 2285 1214 2319 petendo
1234 2286 1342 2310 dictum
1363 2286 1486 2317 precium
1508 2288 1538 2311 et
1559 2287 1654 2310 dictos
1674 2287 1805 2311 denarios
1824 2287 1850 2310 ei
1871 2286 1917 2310 vel
1936 2287 1998 2310 eius
2021 2286 2170 2311 heredibus
2195 2295 2244 2320 per

395 2340 422 2356 se
441 2339 561 2363 suosque
581 2332 696 2355 heredes
716 2339 777 2355 cum
799 2330 982 2362 obligacione
1002 2331 1130 2354 omnium
1151 2337 1267 2354 suorum
1287 2330 1436 2360 bonorum,
1450 2337 1477 2354 se
1491 2338 1542 2363 pro
1556 2338 1589 2354 eo
1610 2331 1791 2355 constituens
1805 2331 1950 2363 possidere
1964 2331 2146 2361 renuncians,
2159 2339 2243 2364 super

396 2378 448 2401 hoc
468 2377 635 2409 excepcioni
654 2379 682 2400 et
702 2375 872 2407 probacioni
894 2382 951 2398 non
970 2375 1073 2404 habiti,
1089 2374 1187 2404 soluti,
1206 2375 1313 2406 recepti
1333 2377 1360 2398 et
1381 2375 1481 2399 traditi
1503 2375 1557 2399 sibi
1578 2376 1667 2407 precii
1687 2376 1715 2399 et
1730 2383 1787 2399 non
1803 2377 1947 2400 numerate
1966 2377 2050 2407 atque
2063 2378 2173 2408 recepte
2187 2379 2243 2401 tra-

395 2422 508 2452 dIteque
529 2421 584 2444 sibl
604 2422 722 2453 pecunie
743 2420 905 2452 supradicte
925 2421 1051 2451 tempore
1071 2419 1155 2443 huius
1176 2420 1340 2443 contractus
1355 2421 1490 2451 omnique
1505 2419 1565 2443 alio
1581 2428 1631 2444 suo
1644 2421 1701 2453 juri
1716 2421 1743 2444 et
1756 2420 1835 2444 omni
1849 2421 1907 2452 spei
1925 2420 2018 2444 future
2034 2421 2243 2446 numeracionis

395 2468 423 2489 ct
443 2466 521 2489 omni
541 2465 652 2489 auxilio
671 2465 752 2497 juris,
772 2464 873 2488 statuti
888 2465 915 2487 et
929 2463 1147 2487 consuetudinis
1168 2463 1282 2487 obtente
1303 2463 1347 2487 vel
1367 2464 1530 2492 obtinendo,
1552 2472 1604 2496 pro
1623 2464 1724 2496 quibus
1744 2466 1838 2497 posset
1859 2472 1886 2488 se
1901 2465 2064 2489 deffendere
2083 2467 2131 2490 aut
2145 2468 2245 2490 contra

396 2510 523 2542 predicta
543 2511 570 2533 et
592 2509 667 2533 infra
688 2509 807 2533 dicenda
828 2509 919 2532 facere
940 2508 984 2531 vel
1012 2508 1119 2537 venire,
1145 2508 1338 2540 predictorum
1366 2509 1491 2532 omnium
1512 2510 1539 2532 et
1559 2509 1682 2532 allorum
1702 2509 1814 2533 auxilio
1835 2515 1964 2541 expresse
1988 2509 2173 2537 remittendo:
2195 2517 2245 2542 per

398 2556 511 2586 pactum
530 2554 619 2578 eidem
640 2554 758 2578 domino
778 2553 941 2582 Francisco,
962 2553 1021 2577 filio
1041 2561 1066 2584 q.
1086 2552 1112 2576 d.
1126 2552 1201 2576 Petri
1218 2551 1351 2581 Comitis,
1372 2553 1440 2577 fecit
1455 2553 1559 2583 datam,
1573 2555 1771 2578 venditionem
1791 2556 1818 2578 et
1832 2555 2032 2579 investituram
2047 2555 2081 2579 ad
2096 2556 2242 2588 proprium

398 2601 425 2622 et
444 2600 506 2631 jure
525 2598 636 2630 proprii
656 2599 683 2622 et
702 2598 831 2630 expediti
852 2599 942 2622 alodii
962 2598 995 2622 de
1014 2598 1210 2631 infrascriptis
1230 2598 1416 2622 sediminibus
1437 2606 1498 2622 cum
1519 2599 1651 2623 domibus
1670 2602 1697 2624 et
1716 2600 1837 2624 edificiis
1857 2601 2049 2632 suprapositis
2068 2603 2095 2625 et
2115 2601 2198 2625 bonis
2217 2603 2246 2625 et

398 2643 638 2676 possessionibus
676 2642 708 2666 In
729 2643 829 2675 primis
850 2644 883 2667 dc
903 2651 959 2667 uno
979 2643 1081 2667 braido
1102 2644 1183 2672 terre,
1205 2644 1234 2666 in
1253 2650 1308 2674 quo
1329 2645 1393 2666 sunt
1414 2644 1471 2667 (luo
1487 2644 1627 2668 sedimiua
1646 2652 1708 2668 cum
1727 2645 1818 2668 tribus
1844 2644 1976 2669 domibus
1996 2645 2029 2669 de
2054 2645 2143 2678 paleis
2163 2653 2246 2678 super

399 2687 546 2715 edificatis,
566 2689 676 2720 jacente
698 2689 724 2710 iu
747 2687 873 2711 confinio
894 2687 1093 2717 Montisilicis,
1114 2688 1144 2711 in
1165 2687 1244 2718 hora,
1264 2694 1316 2719 que
1338 2688 1443 2711 dicitur
1469 2688 1603 2716 Vancius.
1624 2689 1699 2720 quod
1726 2692 1767 2713 cst
1794 2696 1957 2722 camporum
1982 2690 2103 2721 triginta
2129 2692 2194 2714 octo
2219 2692 2247 2714 et

400 2732 567 2763 perticarum
589 2733 655 2755 octo
677 2732 719 2755 vcl
741 2732 823 2763 circa,
844 2732 889 2755 cui
909 2732 1023 2756 coheret
1043 2733 1078 2756 ab
1097 2739 1155 2756 uno
1179 2733 1266 2756 latere
1286 2732 1333 2755 vin
1353 2733 1482 2756 comunis
1502 2735 1529 2756 et
1549 2733 1582 2756 ali
1601 2733 1660 2757 :ilio
1682 2733 1769 2757 latere
1790 2732 1948 2765 Gregorius
1969 2741 1983 2757 a
1998 2733 2085 2758 Cesso
2105 2735 2132 2758 ct
2147 2734 2245 2758 Henri-

400 2783 446 2799 cus
467 2776 500 2799 de
520 2775 640 2803 Vaneio,
659 2778 687 2799 et
708 2776 741 2799 ab
761 2783 818 2799 uuo
839 2777 932 2809 capite
952 2777 1100 2801 Artiucius
1120 2776 1350 2800 Granrnincellus
1370 2776 1402 2800 de
1422 2776 1603 2801 MontesiIICe
1623 2780 1650 2802 ct
1671 2778 1873 2802 monasterium
1889 2778 1921 2801 de
1936 2778 2075 2810 Lispidia,
2091 2780 2117 2802 ct
2137 2778 2170 2802 ab
2184 2778 2244 2802 alio

403 2821 495 2851 capite
514 2820 662 2843 Rolaudus
683 2820 716 2843 de
737 2820 847 2844 Braida.
885 2820 964 2849 Item,
979 2821 1011 2844 de
1026 2828 1083 2845 uuo
1103 2821 1242 2844 sedimine
1262 2827 1324 2844 cum
1345 2820 1452 2844 duabus
1472 2821 1602 2845 domibus
1624 2821 1743 2853 pnlentis
1762 2829 1846 2854 supra
1866 2822 2013 2853 edificatis,
2032 2822 2108 2854 quod
2128 2825 2169 2847 est
2190 2830 2244 2846 me-

495 2921 501 2937 ¹
523 2921 569 2946 Cf.
590 2922 720 2952 emmo,
743 2923 841 2946 Albero
862 2924 920 2953 cit.‚
940 2930 966 2955 p.
988 2929 1029 2954 23.

2268 765 2305 796 10

2269 1032 2305 1064 15

2266 1353 2308 1385 20

2270 1659 2305 1684 25

2266 1883 2303 1910 30

2270 2108 2304 2134 35

2274 2331 2307 2358 40

2275 2555 2308 2580 45

2275 2777 2310 2803 50
