2346 3597
383 140 456 173 202

468 586 518 617 59.
544 603 584 608 —
610 586 850 623 Instrumento‚
869 596 967 618 como
983 586 1111 617 mesier
1126 585 1273 628 Albrigo

377 639 478 677 Lien,
502 639 565 670 che
582 639 620 670 fo
638 638 681 670 de
699 639 823 670 mesier
839 639 1037 670 Francesco
1054 639 1098 670 da
1114 639 1273 677 Carrara,

379 703 447 724 con
470 692 479 722 i
504 692 712 733 sottoscripti
737 692 786 723 soi
811 692 1002 724 fideiussori
1027 703 1086 724 era
1110 692 1274 735 obligado

379 757 398 778 a
429 745 551 777 mesier
581 745 795 782 Tardivello‚
819 745 883 776 che
916 745 953 777 fo
984 745 1028 777 de
1060 746 1197 778 Iacomo
1230 745 1273 776 de

378 799 474 835 Peio,
496 799 533 829 in
556 798 644 830 soldi
660 799 785 841 cinque
803 804 839 830 et
856 798 978 830 denari
1002 805 1081 830 octo
1098 798 1142 830 de
1159 799 1274 831 diuari

379 852 560 883 veneciani
583 851 702 893 grossi,
720 851 751 883 ei
767 852 847 893 qual
864 852 1090 884 instrumento
1108 863 1166 884 era
1190 853 1274 884 taia-

732 137 912 172 GESTA·
934 138 1238 174 MAGNIFICA
1267 139 1452 174 DOMUS
1483 140 1872 175 CARRARIENSIS

1327 270 1418 302 exitu
1441 270 1513 302 eius
1537 276 1651 312 potest
1674 272 1902 312 apprehendi.
1946 272 2034 304 Nam
2053 273 2088 304 in
2105 284 2223 315 supre-

1326 333 1380 354 mo
1404 324 1473 354 vite
1496 324 1653 366 margine
1675 325 1892 362 constitutus,
1915 335 1993 357 cum
2017 326 2135 358 affines
2157 322 2222 358 sibi

1324 376 1477 418 undique
1502 378 1732 418 conspiceret,
1748 378 1839 410 solos
1862 378 1925 410 sibi
1949 389 2117 420 pauperes
2140 390 2222 412 con-

1324 428 1432 460 stituit
1464 429 1622 468 heredes,
1653 436 1690 462 ut
1719 430 1755 462 in
1784 431 1858 462 eius
1881 432 1999 463 ultimo
2023 431 2147 474 legitur
2173 438 2223 464 te-

1325 487 1504 514 stamentO.

1415 588 1466 619 59.
1498 606 1538 611 —-
1569 589 1850 631 Instrumentum,
1885 590 2034 633 qualiter
2065 591 2224 624 dominus

1324 640 1485 687 Albricus
1509 641 1593 680 Leo,
1621 644 1797 685 quondam
1821 643 1952 676 domini
1976 644 2155 676 Francisci
2181 645 2224 676 de

1325 695 1496 731 Carraria,
1521 705 1598 726 cum
1621 696 1854 738 infrascriptis
1873 695 2135 729 *fideiussoribus
2151 704 2224 730 erat

1325 747 1497 789 obligatus
1520 758 1627 789 penes
1651 748 1828 781 dominum
1851 749 2100 788 Tardivellum,
2115 761 2223 793 quon-

1324 801 1404 832 dam
1422 800 1550 832 domini
1570 801 1688 834 Iacobi
1712 803 1756 834 de
1772 802 1882 841 Pileo,
1898 803 1932 834 in
1951 803 2056 835 soldis
2071 804 2223 846 quinque

1324 859 1359 884 et
1383 853 1534 885 denariis
1558 860 1636 886 octo
1660 856 1878 887 denariorum
1903 858 2105 888 venetorum
2130 867 2225 898 gros-

379 905 437 941 do,
461 905 600 947 quando
625 905 657 937 io
682 905 725 936 1’ὸ
747 905 906 947 exempla
921 905 941 937 ¹.
1324 917 1450 944 sorum,
1497 907 1591 949 quod
1641 908 1903 941 instrumentum
1950 915 2023 941 erat
2067 910 2224 947 incisum,

1325 962 1465 1004 quando
1490 960 1683 1003 exemplavi
1707 962 1831 1004 ipsum.

466 1067 497 1090 In
519 1066 634 1089 nomine
652 1066 764 1090 domini
785 1067 836 1089 Dei
859 1068 960 1091 eterni.
998 1067 1086 1091 Anno
1107 1068 1232 1092 eiusdem
1254 1069 1419 1093 nativitatis
1439 1070 1595 1093 millesimo
1616 1070 1810 1094 ducentesimo
1831 1071 2038 1102 septuagesimo
2052 1072 2164 1102 quinto,
2179 1072 2223 1095 in-

380 1112 494 1135 dicione
513 1112 610 1139 tercia,
631 1112 677 1135 die
695 1111 818 1135 secundo
839 1113 965 1135 intrante
980 1113 1094 1142 marcio,
1114 1112 1218 1143 Padue‚
1239 1115 1269 1137 in
1291 1116 1405 1139 comuni
1422 1115 1546 1147 palacio,
1560 1116 1737 1147 presentibus
1752 1115 1888 1144 Iohanne,
1902 1115 1962 1139 filio
1976 1116 2120 1147 quondam
2141 1115 2222 1149 Cam—

375 1156 441 1179 boni
462 1155 562 1185 Rubei,
582 1156 702 1179 domino
725 1155 873 1179 Leouardo
894 1156 927 1179 de
947 1155 1064 1189 Obicco,
1083 1156 1241 1182 Thomasio
1256 1165 1377 1189 precone
1392 1160 1420 1182 et
1439 1159 1515 1183 aliis.
1548 1160 1690 1183 Dominus
1704 1160 1849 1189 Albricus,
1863 1160 1939 1183 filius
1953 1161 2096 1191 quondam
2111 1161 2223 1184 domini

379 1200 485 1223 ¹Mbrici
506 1199 621 1228 Leonis,
641 1200 739 1223 dicens
759 1208 787 1224 se
806 1201 908 1224 habere
929 1201 1037 1232 viginti
1059 1209 1150 1226 annos
1170 1204 1197 1226 et
1220 1203 1328 1227 faciens
1342 1210 1370 1227 se
1384 1204 1522 1228 maiorem
1542 1204 1782 1236 vigintiquinque
1802 1206 1885 1228 annis
1899 1205 1989 1229 eciam
2002 1206 2030 1228 et
2050 1212 2107 1228 non
2122 1205 2223 1229 habere

373 1246 532 1268 curatorem
552 1245 704 1277 specialem
725 1253 775 1268 nec
794 1245 963 1276 generalem,
986 1246 1134 1270 confessus
1156 1247 1212 1270 fuit
1232 1255 1260 1271 se
1281 1249 1381 1271 mutuo
1401 1249 1545 1280 accepisse
1565 1251 1592 1272 et
1613 1250 1643 1272 in
1664 1257 1692 1273 se
1713 1249 1816 1273 habere
1836 1257 1850 1273 a
1871 1250 1990 1273 domino
2004 1249 2182 1279 Tardivello‚
2195 1257 2220 1280 q.

375 1290 400 1312 d.
419 1289 513 1312 Iacobi
535 1289 567 1312 de
587 1289 678 1317 Pileo,
699 1297 713 1312 a
732 1288 758 1313 S.
780 1289 902 1317 Matheo,
922 1290 1018 1314 soldos
1033 1291 1159 1322 quinque
1179 1294 1206 1315 et
1228 1292 1363 1315 denarios
1383 1295 1452 1316 octo
1473 1292 1656 1317 denariorum
1678 1296 1845 1317 venetorum
1865 1301 2030 1330 grossorum
2050 1294 2161 1325 plenos,
2181 1301 2221 1318 re-

379 1335 516 1356 nuncians
536 1341 618 1365 super
638 1334 690 1357 hoc
710 1335 879 1365 excepcioni
900 1335 974 1366 quod
995 1336 1115 1367 pecunia
1136 1337 1198 1367 ipsa
1217 1338 1344 1368 tempore
1364 1339 1529 1361 contractus
1550 1345 1606 1361 non
1631 1338 1704 1362 foret
1724 1338 1779 1362 sibi
1800 1338 1867 1362 data
1886 1341 1914 1362 et
1934 1341 2081 1362 numerata
2105 1345 2136 1363 ac
2162 1341 2220 1363 tra-

376 1378 437 1401 dita
457 1386 471 1401 a
491 1378 570 1401 dicto
591 1378 616 1402 d.
636 1377 814 1407 Tardivello,
834 1381 970 1410 omnique
991 1380 1049 1403 alio
1070 1380 1136 1412 juri,
1158 1387 1218 1404 cum
1246 1381 1432 1413 obligacione
1457 1382 1585 1406 omnium
1606 1390 1722 1406 suorum
1741 1383 1891 1411 bonorum,
1912 1384 2091 1406 constituens
2118 1390 2146 1407 se
2171 1391 2222 1415 pro

378 1422 456 1445 dicto
469 1422 609 1446 creditore
624 1422 775 1454 possidere.
801 1423 853 1447 Per
866 1424 1088 1456 stipulacionem
1108 1424 1351 1456 promisit‘eidem
1365 1426 1504 1450 creditori
1525 1434 1574 1458 per
1588 1434 1615 1450 se
1631 1426 1674 1450 vel
1690 1435 1738 1458 per
1752 1434 1831 1451 suum
1846 1427 1975 1451 heredem
1988 1428 2068 1451 dabit
2081 1429 2109 1451 et
2130 1428 2223 1452 solvet

376 1466 467 1490 eidem
487 1466 625 1490 creditori
646 1467 689 1490 vel
709 1474 759 1491 suo
778 1467 873 1491 heredi
895 1468 939 1492 vel
961 1469 1048 1493 misso
1069 1469 1166 1493 soldos
1185 1471 1319 1501 quinque,
1333 1471 1467 1495 denarios
1482 1472 1547 1495 octo
1561 1471 1745 1495 denariorum
1760 1473 1930 1495 venetorum
1944 1479 2106 1503 grossorum
2122 1471 2223 1504 plenos

379 1511 446 1534 hinc
461 1510 495 1534 ad
510 1513 632 1541 quatuor
647 1519 756 1535 menses
770 1513 919 1544 proximos
938 1513 968 1536 in
985 1521 1056 1545 pena
1071 1515 1177 1545 viginti
1193 1514 1329 1538 lIbrarum
1345 1514 1528 1539 denariorum
1543 1517 1711 1551 venetorum
1728 1518 1757 1539 in
1772 1516 1888 1540 racione
1901 1518 2062 1540 centenarii
2077 1524 2129 1549 pro
2144 1524 2222 1541 anno

380 1557 407 1580 et
428 1557 456 1579 in
477 1557 589 1580 ratione
609 1557 687 1586 anni,
707 1558 747 1580 ita
766 1558 841 1588 quod
862 1559 1011 1589 utrumque
1031 1559 1124 1587 simul,
1145 1559 1240 1583 silicet
1253 1567 1315 1583 sors
1329 1562 1357 1584 et
1373 1568 1444 1592 pena
1457 1560 1492 1585 ab
1507 1568 1540 1585 eo
1555 1562 1613 1592 peti
1630 1562 1657 1584 et
1669 1561 1747 1593 exigi
1761 1562 1862 1594 possit,
1881 1561 1915 1591 si,
1929 1563 1960 1585 ut
1974 1561 2082 1585 dictum
2096 1563 2147 1590 est,
2162 1568 2220 1585 non

379 1600 542 1631 attenderit,
561 1602 589 1624 et
608 1601 684 1631 quod
705 1603 839 1625 resarciet
857 1602 948 1626 eidem
969 1603 1103 1627 creditori
1125 1611 1209 1627 omne
1229 1604 1363 1628 damnum
1383 1606 1410 1629 et
1429 1612 1528 1629 omnes
1548 1613 1693 1636 expensas,
1713 1605 1788 1636 quod
1802 1607 1831 1630 et
1844 1613 1913 1637 quas
1933 1606 2060 1630 creditor
2080 1605 2147 1629 inde
2161 1613 2221 1638 pas·

380 1652 426 1668 sus
446 1644 532 1669 fuerit
551 1647 579 1669 et
599 1645 707 1675 fecerit,
727 1653 777 1669 suo
798 1647 875 1671 dicto
895 1648 957 1679 sine
976 1650 1153 1672 sacramento
1173 1650 1201 1673 et
1222 1649 1279 1673 alia
1299 1650 1473 1681 probatione
1493 1657 1545 1682 pro
1565 1650 1701 1682 predictis
1716 1650 1875 1682 exigendis.
1898 1650 2065 1674 Fideiussor
2078 1652 2106 1674 et
2119 1651 2224 1682 princi-

380 1689 453 1721 palis
472 1690 539 1713 inde
559 1690 656 1714 extitit
676 1690 702 1715 d.
722 1691 864 1721 Widotus‚
884 1692 980 1721 iudex,
1001 1692 1075 1716 filius
1095 1701 1120 1724 q.
1141 1693 1167 1717 d.
1192 1693 1348 1718 Lanzaroti
1367 1695 1482 1727 judicis,
1501 1696 1547 1725 qui
1569 1695 1705 1727 promisit
1725 1695 1804 1719 dicto
1824 1695 1958 1719 creditori
1986 1695 2139 1726 stipulanti
2160 1703 2223 1719 cum

379 1734 564 1766 obiigacione
584 1735 710 1759 omnium
730 1743 845 1760 suorum
865 1737 1015 1765 bonorum,
1035 1739 1215 1762 constituens
1235 1745 1262 1762 se
1282 1746 1333 1771 pro
1347 1738 1427 1762 dicto
1440 1739 1582 1763 creditore
1601 1739 1754 1770 possidere,
1770 1740 1867 1763 omnia
1886 1740 2050 1771 supradicta
2070 1740 2180 1763 solvere
2194 1741 2222 1763 et

379 1779 524 1802 attendere
543 1780 571 1803 et
590 1780 747 1808 observare,
762 1781 786 1804 si
800 1781 944 1813 predictus
964 1782 1077 1806 debitor
1092 1790 1149 1806 non
1164 1783 1284 1807 solverit
1299 1785 1326 1807 et
1347 1783 1512 1813 fideiussor,
1528 1785 1568 1808 ita
1589 1784 1665 1815 quod
1680 1784 1803 1815 quilibet
1817 1792 1916 1808 eorum
1930 1786 2060 1809 teneatur
2074 1785 2104 1808 in
2118 1786 2220 1816 totum,

380 1824 551 1847 renuncians
571 1824 679 1848 auxilio
699 1826 821 1856 epistole
841 1826 901 1849 divi
922 1826 1046 1850 Adriani
1068 1829 1095 1851 et
1116 1834 1190 1851 nove
1207 1829 1236 1851 et
1254 1829 1359 1852 veteris
1379 1828 1602 1852 constitutionis
1624 1829 1656 1852 de
1677 1829 1788 1853 duobus
1808 1829 1864 1853 reis
1884 1829 2021 1857 debendi;
2042 1836 2098 1852 non
2120 1829 2220 1861 proba·

380 1868 450 1892 bunt
470 1869 654 1897 solucionem,
676 1870 774 1898 finem,
793 1871 999 1898 remissionem,
1021 1872 1078 1895 nisi
1098 1879 1147 1904 per
1165 1872 1238 1896 hanc
1259 1874 1364 1896 cartam
1385 1875 1509 1897 casatam
1529 1873 1573 1897 vel
1594 1881 1643 1905 per
1664 1870 1750 1897 aliam
1773 1875 1802 1897 in
1823 1873 1979 1898 concordia
1999 1875 2127 1906 parcium
2148 1873 2224 1898 facta

381 1920 429 1944 per
449 1913 593 1937 notarium
613 1914 686 1938 bone
704 1916 866 1946 opinionis,
879 1916 1058 1947 presentibus
1072 1917 1198 1948 quinque
1212 1917 1332 1941 testibus
1346 1918 1419 1941 bone
1433 1917 1506 1941 fame
1521 1920 1548 1942 et
1563 1919 1722 1950 opinionis.
1748 1918 1881 1942 Preterea
1895 1919 2007 1943 debitor
2020 1920 2047 1942 et
2069 1918 2224 1942 fideiussor

381 1959 495 1989 pactum
514 1959 638 1989 speciale
658 1959 785 1983 fecerunt
806 1967 869 1983 eum
884 1961 963 1985 dicto
975 1961 1128 1990 creditore,
1148 1963 1170 1985 si
1187 1969 1243 1985 non
1257 1962 1401 1986 solverint
1421 1962 1529 1986 dictum
1550 1962 1675 1987 debitum
1690 1963 1769 1987 dicto
1784 1963 1921 1987 creditori
1942 1963 1976 1987 ad
1990 1963 2150 1995 predictum
2168 1964 2223 1987 ter-

383 2002 498 2033 minum,
519 2003 594 2033 quod
615 2003 708 2028 dictus
729 2005 855 2028 creditor
873 2006 965 2036 possit
979 2012 1083 2037 ponere
1102 2008 1129 2030 et
1151 2006 1242 2030 facere
1262 2007 1332 2037 poni
1352 2007 1513 2039 predictum
1527 2007 1699 2031 creditorem
1715 2009 1743 2031 et
1756 2007 1915 2039 predictum
1935 2007 2134 2032 fideiussorem
2146 2007 2222 2031 libro

384 2046 614 2070 sorbannitorum
635 2049 764 2072 comunis
783 2048 887 2079 Padue‚
906 2051 942 2081 et,
956 2057 1037 2081 quem
1052 2050 1132 2082 prius
1152 2050 1287 2079 voluerit,
1301 2052 1364 2075 sine
1377 2051 1435 2074 alia
1449 2052 1613 2075 cridacione
1627 2053 1654 2075 et
1667 2051 1881 2083 admonicione,
1895 2059 1927 2075 ac
1942 2053 2115 2083 recepissent
2128 2052 2225 2075 omnia

384 2090 562 2121 pertinencia
582 2091 752 2116 officialibus
772 2092 886 2124 palacii,
901 2096 928 2117 et
942 2095 1069 2118 tenutam
1084 2095 1116 2118 de
1129 2101 1226 2118 eorum
1241 2095 1324 2118 bonis
1339 2096 1466 2126 accipere
1480 2097 1507 2119 et
1523 2103 1553 2119 ea
1568 2096 1765 2120 incontinenti
1785 2096 1906 2120 vendere
1919 2097 1946 2120 et
1961 2096 2085 2120 alienare
2099 2102 2149 2120 sua
2161 2097 2222 2120 aut-

383 2135 509 2164 toritate,
521 2138 721 2160 renunciantes
736 2137 779 2161 illi
796 2139 916 2168 statuto,
927 2139 1002 2170 quod
1016 2139 1152 2170 loquitur,
1167 2139 1241 2170 quod
1256 2141 1334 2171 prius
1347 2141 1536 2164 conveniatur
1549 2140 1718 2173 principalis
1731 2148 1814 2172 quam
1829 2141 1991 2169 fideiussor,
2004 2143 2032 2165 et
2046 2140 2090 2164 illi
2104 2142 2223 2168 statuto,

382 2180 456 2210 quod
478 2181 607 2211 loquitur
626 2181 659 2204 de
680 2182 760 2213 penis
780 2184 808 2206 et
828 2184 960 2207 omnibus
982 2184 1061 2207 feriis
1081 2186 1108 2207 et
1128 2184 1226 2208 diebus
1247 2184 1370 2213 seriatis,
1389 2186 1417 2208 et
1438 2186 1517 2208 omni
1545 2187 1656 2209 statuto
1677 2186 1764 2209 veteri
1791 2187 1819 2209 et
1844 2192 1921 2209 novo
1943 2186 1988 2209 vel
2013 2185 2222 2209 reson-macione

383 2224 506 2249 alieuius
526 2226 641 2250 consilii
663 2226 731 2250 facti
752 2228 797 2251 vel
820 2228 921 2251 facturi
943 2236 994 2260 pro
1015 2230 1128 2253 comuni
1149 2228 1252 2259 Padue,
1271 2231 1299 2253 et
1318 2230 1392 2261 quod
1414 2237 1471 2253 non
1492 2231 1585 2261 possit
1610 2232 1703 2262 petere
1725 2230 1887 2262 exemplum
1908 2231 1941 2254 de
1959 2230 2010 2254 hoc
2032 2232 2223 2254 instrumento

385 2268 482 2298 debiti,
503 2278 552 2294 nec
573 2272 724 2295 terminum
745 2272 838 2296 decem
859 2273 976 2303 dierum,
997 2281 1046 2297 nec
1072 2281 1122 2306 pro
1143 2274 1253 2303 libello,
1274 2282 1323 2298 nec
1343 2275 1438 2305 aliqua
1458 2275 1610 2304 dilacione,
1632 2282 1681 2298 nec
1701 2275 1818 2306 aliquod
1840 2277 1986 2307 ingenium
2007 2274 2224 2307 appellacioni8‚

382 2314 457 2344 quod
478 2316 569 2346 possit
590 2323 689 2340 nocere
715 2317 793 2340 dicto
813 2318 960 2342 credItori.
998 2318 1116 2350 Insuper
1141 2319 1284 2350 predictus
1308 2319 1333 2342 d.
1357 2319 1491 2343 Albricus
1518 2320 1630 2344 debitor
1650 2321 1759 2353 juravit
1785 2320 1974 2352 corporaliter
1999 2320 2032 2344 ad
2053 2322 2151 2344 saneta
2170 2319 2222 2344 Dei

384 2360 533 2391 evangelia
553 2362 649 2385 omnia
673 2362 836 2394 supradicta
857 2363 965 2387 solvere
985 2366 1011 2387 et
1031 2364 1186 2393 attendere,
1207 2364 1355 2388 observare
1376 2367 1402 2389 et
1417 2372 1473 2389 non
1494 2367 1693 2389 contravenire
1714 2367 1827 2390 racione
1849 2367 1970 2390 minoris
1984 2367 2078 2395 etatis,
2095 2372 2144 2390 nec
2165 2365 2224 2390 ulla

383 2404 441 2428 alia
461 2406 576 2429 racione
598 2407 640 2430 vel
662 2408 821 2432 occasione.

472 2449 499 2473 S.
521 2450 556 2473 N.
571 2449 632 2482 Ego
646 2450 826 2482 'l'homasius‚
841 2452 921 2476 filius
936 2460 961 2484 q.
976 2452 1099 2478 Oliverii
1115 2452 1246 2486 vignole,
1269 2454 1426 2485 imperialis
1446 2454 1509 2478 aule
1524 2456 1664 2486 notarius,
1678 2455 1795 2479 interfui
1811 2456 1838 2479 et
1851 2462 1946 2479 eorum
1957 2455 2036 2488 Jussu
2050 2454 2099 2479 hec
2112 2456 2223 2486 scripsi.

474 2546 532 2578 Ego
554 2546 579 2578 [*
599 2547 632 2578 *].
652 2548 736 2580 judex
756 2550 968 2582 infrascriptus‚
988 2551 1154 2583 subscripsi.

471 2592 531 2622 Ego
551 2592 694 2622 IsnarduS,
715 2595 845 2618 notarius
865 2597 892 2619 et
913 2597 1007 2619 socius
1028 2596 1236 2627 instascriptus,
1257 2603 1300 2619 me
1319 2597 1472 2629 subscripsi
1493 2598 1521 2620 et
1545 2597 1696 2621 ascultavi.

474 2636 502 2661 S.
523 2637 558 2661 N.
578 2638 639 2668 Ego
659 2638 826 2669 Bernardus,
841 2639 911 2663 olim
927 2640 1036 2663 domini
1057 2640 1132 2664 Petri
1147 2641 1252 2673 judicis
1267 2640 1301 2664 de
1316 2640 1436 2665 Casellis
1453 2641 1542 2670 silius,
1563 2642 1692 2665 notarius
1706 2641 1915 2674 ultrascriptus,
1930 2643 2057 2665 existens
2072 2643 2099 2665 in
2121 2642 2224 2666 officio

386 2680 581 2712 ultrascripto,
602 2688 696 2704 coram
718 2682 846 2714 predicto
865 2684 970 2715 judice,
988 2685 1166 2717 presentibus
1181 2684 1389 2716 prenominatIS
1404 2685 1524 2709 testibus
1539 2686 1662 2710 notariis
1676 2687 1704 2709 et
1719 2685 1805 2709 sociis
1820 2685 1852 2709 ad
1868 2685 1975 2709 dictum
1995 2685 2101 2709 discum
2122 2685 2224 2709 Dulcis

384 2726 410 2747 et
430 2725 507 2754 aliis,
527 2726 595 2749 dicti
611 2726 716 2758 judicis
729 2728 808 2759 Jussu
821 2730 848 2751 et
862 2730 1039 2756 auttoritate,
1054 2730 1224 2753 statutorum
1239 2730 1398 2753 communis
1411 2729 1506 2753 Padue
1526 2729 1708 2754 solemnitate
1726 2731 1754 2753 ct
1767 2730 1859 2754 forma
1873 2732 1993 2761 servata,
2008 2730 2222 2762 ultrascriptum

388 2770 607 2794 instrumentum
628 2778 661 2794 ex
688 2772 846 2795 auttentico
872 2772 1050 2804 ultrascripti
1077 2773 1224 2797 Thomasii
1251 2774 1359 2797 notarii
1387 2773 1514 2798 fideliter
1539 2774 1700 2806 exemplavi
1727 2776 1763 2802 et,
1790 2775 1851 2806 ipso
1876 2775 1967 2798 inciso
1993 2776 2113 2807 reperto.
2139 2775 2224 2806 prout

474 2918 482 2933 ¹
504 2919 547 2943 Cf.
569 2920 696 2950 CuoLuo,
718 2920 816 2944 Alhero
836 2922 894 2951 cit„
914 2929 939 2952 p.
960 2928 1001 2944 22.

2256 814 2294 845 10

2255 1114 2286 1141 15

2250 1336 2286 1363 20

2251 1559 2285 1585 25

2252 1781 2288 1809 30

2252 2005 2288 2032 35

2253 2228 2288 2255 40

2254 2452 2287 2479 45

2253 2727 2289 2754 50
