2346 3597
51 692 82 718 10

49 1181 85 1207 20

49 1798 91 1829 30

66 2377 98 2395 10

68 2585 97 2610 ¹5

69 2798 102 2815 20

461 171 633 206 GESTA
663 169 963 205 MAGNIFICA
992 168 1178 204 DOMUS
1207 167 1600 203 CARRARIENSIS

1879 168 1949 205 207

113 296 206 319 dictus
226 296 252 320 d.
272 295 448 319 Franciscus.
469 302 494 325 q.
515 294 542 319 d.
561 294 661 318 Uberti
682 293 715 316 de
734 292 910 320 Boccadava,
932 292 1064 316 venditor
1084 293 1111 315 et
1133 291 1217 315 modo
1237 290 1367 323 predicto
1381 290 1515 320 donator,
1529 297 1612 322 super
1633 291 1764 314 omnibus
1784 292 1811 314 et
1831 291 1954 322 singulis

112 341 304 372 predictorum
325 340 406 364 omni
425 339 596 371 excepcioni
616 338 676 362 doli
698 338 765 361 mali
787 339 814 360 et
835 338 864 361 in
892 337 997 361 factum
1017 339 1045 360 et
1072 338 1150 361 omni
1171 336 1284 360 accioni
1305 337 1333 359 et
1359 335 1538 365 condicioni,
1559 335 1620 359 sine
1646 343 1729 360 eausa
1750 336 1793 359 vel
1821 343 1855 359 ex
1880 336 1954 368 justa

113 391 207 413 causa,
220 385 247 408 et
261 385 339 408 omni
356 384 477 407 factioni
498 384 526 406 et
545 381 741 411 simulacioni,
761 381 926 414 decepcioni
942 382 969 404 et
985 381 1088 411 fraudi,
1110 381 1167 404 tam
1182 381 1256 404 citra
1269 379 1419 403 dimidiam
1434 380 1506 412 justi
1520 381 1609 411 precii
1624 387 1705 410 quam
1726 380 1808 409 ultra,
1831 382 1858 403 et
1878 381 1955 403 omni

111 422 215 460 legum,
241 428 417 452 decretorum
444 434 491 451 seu
512 425 706 453 decretalium,
726 425 948 456 privilegiorum
969 425 1187 456 impetratorum
1208 425 1267 447 sive
1293 424 1537 455 impetrandorum
1559 424 1678 451 auxilio,
1699 426 1725 448 et
1745 424 1956 457 appellacionis

111 474 196 504 atque
210 473 437 504 supplicaei0n1s
451 471 577 495 remedio
598 477 646 502 per
666 471 789 501 paetum,
809 471 836 493 et
857 471 934 493 omni
955 469 1013 502 juri
1031 470 1148 493 comuni
1167 470 1195 492 et
1215 469 1344 500 speciali,
1363 470 1505 492 canonIco
1519 471 1547 492 et
1561 469 1653 496 civili.
1668 470 1758 493 tacito
1773 470 1799 492 et
1814 476 1955 500 expresso,

111 518 166 541 sibi
181 518 354 549 competenti
369 517 414 540 vel
427 516 629 547 competituro,
651 517 678 538 et
698 515 814 545 insuper
834 515 942 538 statuto
963 514 1094 537 comunis
1114 513 1209 537 Padue
1229 513 1347 541 dicenti,
1367 514 1443 544 quod
1463 515 1628 537 contractus
1648 515 1741 544 primo
1756 514 1843 537 scribi
1857 514 1955 537 debeat

110 563 138 586 et
160 562 284 593 scriptus
310 568 404 585 coram
424 560 552 592 partibus
573 560 698 587 recitari,
719 558 817 582 dicens
837 558 911 582 hunc
931 559 1089 590 presentem
1109 559 1285 581 contractum
1307 559 1401 589 primo
1421 558 1558 590 scriptum
1581 558 1678 586 fuisse,
1697 558 1799 581 deinde
1819 559 1955 589 scriptum

111 613 204 629 coram
225 605 331 629 eisdem
351 605 480 636 partibus
499 603 660 631 recitatum,
680 604 707 626 et
727 603 861 626 omnibus
882 602 948 626 aliis
968 602 1087 626 auxiliis
1106 604 1134 626 et
1154 602 1288 625 remediis
1308 602 1379 635 juris
1399 603 1426 625 et
1446 602 1525 629 (acti,
1546 609 1598 633 pro
1619 603 1720 633 quibus
1735 605 1829 634 posset
1850 610 1877 625 se
1898 602 1957 625 des-

114 650 225 674 fendere
244 651 295 674 aut
314 651 414 673 contra
434 648 562 681 predicta
583 647 626 671 vel
646 647 757 678 aliquid
777 647 971 679 predictorum
994 647 1083 670 facere
1104 646 1148 670 vel
1171 647 1276 674 venire,
1296 647 1491 677 predictorum
1512 647 1639 670 omnium
1660 649 1687 670 et
1701 647 1822 670 aliorum
1844 647 1956 670 auxilio

112 701 243 726 expresse
268 693 441 717 remittendo
462 700 510 724 per
530 694 652 724 pactum.
690 691 725 714 Et
745 691 891 715 sciendum
911 693 954 715 est
972 691 1045 722 quod
1067 691 1124 715 duo
1151 691 1343 714 instrumenta
1363 691 1448 714 unius
1474 692 1583 714 tenoris
1608 691 1668 714 fieri
1688 691 1800 720 debent,
1821 691 1957 714 videlicet

113 746 200 762 unum
220 746 270 771 per
283 746 325 762 me
337 737 505 769 Symeonem
519 737 673 764 notarium,
688 736 831 767 quondam
850 735 1043 766 Μαι-01103101,
1064 737 1093 759 in
1108 742 1164 768 quo
1178 736 1355 759 subscribere
1375 736 1457 759 debet
1472 736 1639 759 Albertinus
1654 737 1792 766 notarius,
1815 736 1956 767 quondam

110 783 248 807 Iohannis
268 783 301 806 de
320 782 490 809 Tholomeo,
510 783 538 805 et
557 781 636 805 aliud
657 788 706 812 per
725 781 832 804 dictum
855 780 1037 804 Albertinum
1058 781 1214 808 notarium,
1234 780 1263 803 in
1284 787 1339 810 quo
1359 786 1412 811 ego
1431 780 1551 811 Symeon
1573 780 1748 804 subscribere
1768 781 1863 804 debeo.

201 828 230 852 S.
250 828 286 851 AV.
305 826 365 858 Ego
387 826 529 856 Albertus,
549 825 632 850 silius
657 825 728 849 olim
747 825 885 849 Iohannis
906 825 939 849 de
958 825 1128 854 Tholomeo,
1154 825 1225 848 sacri
1254 824 1356 856 palatii
1379 824 1520 854 notarius,
1546 824 1602 848 hiis
1629 825 1764 848 omnibus
1790 825 1910 848 interfui
1930 827 1957 848 et

113 872 229 903 rogatus
249 879 264 895 a
283 871 413 902 partibus
434 877 477 894 me
496 870 662 901 subscripsi.

203 915 232 940 S.
252 916 289 940 N.
309 915 370 947 Ego
388 915 509 947 Symeon
530 914 675 946 quondam
695 914 876 938 Marchoardi
897 921 913 938 a
932 913 1036 938 Sancta
1058 914 1154 941 Lucia,
1176 913 1335 945 imperialis
1356 913 1420 937 aule
1440 914 1582 941 notarius.
1603 915 1721 945 rogatus
1747 921 1762 936 a
1783 914 1911 945 partibus
1930 915 1958 937 et

114 961 148 984 ad
168 960 218 984 hec
237 960 401 992 specialiter
421 961 608 990 convocatus,
628 959 750 983 interfui
769 960 797 983 et
816 967 912 983 eorum
933 960 1010 992 iussu
1031 958 1080 982 hec
1102 959 1215 990 scripsi.

204 1049 264 1082 Ego
285 1050 431 1078 Nicolaus,
450 1049 536 1082 judex
556 1049 767 1081 infrascriptus,
788 1055 831 1072 me
849 1048 1016 1081 subscripsi.

203 1094 263 1127 Ego
284 1094 447 1124 Rainerius,
466 1095 596 1118 notarius
615 1094 698 1118 testis
718 1095 745 1117 et
765 1094 860 1117 socius
881 1093 1093 1124 infrascriptus,
1114 1099 1156 1115 me
1176 1092 1330 1124 subscripsi
1357 1094 1385 1116 et
1405 1092 1555 1116 ascultavi.

203 1139 232 1163 S.
252 1140 290 1164 N.
308 1139 368 1171 Ego
387 1140 555 1167 Bernardus,
578 1139 648 1162 olim
667 1139 777 1162 domini
798 1138 874 1162 Petri
894 1138 1000 1170 J'udicis
1020 1137 1054 1160 de
1073 1136 1196 1161 Casellis
1216 1137 1307 1167 filius,
1329 1137 1402 1161 civis
1422 1137 1578 1168 paduanus,
1600 1138 1730 1160 notarius
1750 1136 1959 1168 ultrascriptus,

115 1183 241 1207 existens
260 1184 289 1207 in
310 1184 405 1208 officio
424 1184 619 1215 ultrascripto,
639 1191 734 1208 coram
761 1182 873 1214 prefato
897 1183 1001 1215 judice,
1021 1181 1199 1214 presentibus
1225 1181 1435 1214 prenominatis
1461 1182 1581 1205 testibus
1611 1183 1734 1205 notariis
1759 1183 1786 1204 et
1812 1182 1901 1204 sociis
1927 1182 1960 1204 ad

115 1228 222 1252 dictum
242 1229 352 1252 discum
371 1228 459 1252 Bovis
472 1232 500 1252 et
518 1228 595 1257 aliis,
608 1228 683 1252 dicti
697 1228 803 1261 judicis
821 1228 900 1260 jussu
920 1229 947 1251 et
967 1227 1147 1255 auctoritate,
1168 1227 1341 1250 statutorum
1354 1228 1514 1250 communis
1528 1226 1623 1250 Padue
1633 1226 1817 1250 solemnitate
1828 1228 1855 1249 et
1870 1226 1963 1249 forma

116 1274 237 1301 servata,
257 1273 472 1305 ulti-ascriptum
492 1272 715 1296 instrumentum
741 1279 775 1295 ex
795 1272 958 1296 auttentico
979 1271 1167 1303 suprascripti
1188 1270 1331 1294 Simeonis
1352 1271 1461 1294 notarii
1486 1270 1611 1294 fideliter
1635 1270 1797 1302 exemplavi
1823 1271 1961 1301 signoque

115 1324 177 1341 meo
198 1317 287 1342 solito
307 1318 454 1346 roboravi,
474 1317 517 1341 nil
538 1318 567 1341 in
588 1325 621 1341 eo
642 1317 749 1341 addens
770 1317 814 1340 vel
834 1317 975 1347 minuens,
1000 1316 1076 1347 quod
1098 1317 1273 1339 sentenciam
1300 1317 1398 1345 mutet,
1418 1317 1549 1339 currente
1568 1323 1646 1339 anno
1666 1315 1788 1338 Domini
1809 1314 1962 1338 millesimo

115 1362 315 1386 trecentesimo
335 1362 583 1394 quinquagesimo,
597 1361 748 1386 indicione
761 1362 859 1392 tercia,
873 1361 920 1385 die
933 1361 1044 1385 sabbati
1066 1360 1206 1392 vigesimo
1221 1360 1342 1392 septimo
1358 1361 1462 1384 mensis
1477 1360 1641 1390 decembris,
1657 1359 1795 1391 regimine
1809 1359 1961 1383 antedicto.

117 1476 213 1509 XIX.
239 1496 280 1501 —
303 1476 447 1509 Domini
468 1477 678 1517 Pieroconte,
702 1476 869 1513 Albam,
887 1476 1014 1508 Alarsi-

205 1530 260 1569 lio,
288 1529 483 1573 Bonisaczb,
499 1529 659 1574 fradelli.

207 1637 258 1668 63.
283 1636 363 1678 [23].
392 1655 427 1660 -
455 1635 616 1669 Succede
639 1636 709 1669 fioli
733 1647 753 1668 a
769 1636 896 1668 mesier
919 1636 1016 1668 Iaco-

117 1690 187 1722 min
211 1689 393 1732 Papafava
416 1690 462 1723 da
478 1689 627 1722 Carrara
640 1689 660 1722 ¹.
694 1689 746 1721 De
763 1689 874 1732 questi
891 1695 1014 1732 quatro

117 1742 261 1775 fradelli
282 1743 316 1775 io
331 1749 429 1775 trovo
444 1753 513 1775 uno
537 1743 767 1776 instrumento
795 1743 838 1775 de
862 1742 1016 1775 division

118 1796 151 1828 di
175 1797 256 1828 beni
273 1797 409 1838 paterni
424 1797 512 1829 fatto
529 1796 585 1828 nel
602 1796 694 1828 mille
711 1796 860 1829 dusento
877 1801 1015 1828 octanta

119 1859 220 1888 nove,
245 1859 344 1882 como
367 1860 403 1882 se
426 1849 546 1893 legera
577 1860 645 1892 qua
676 1850 722 1882 de
753 1855 856 1887 sotto,
886 1850 1016 1891 scripto

209 1988 214 2004 ¹
236 1989 305 2013 Alla
326 1991 415 2013 morte
435 1988 466 2012 di
485 1987 658 2013 Giacomino
678 1988 834 2020 Papafavzz,
849 1996 906 2012 non
922 1989 1010 2013 molto

120 2033 263 2058 anteriore
282 2033 308 2057 31
331 2032 407 2064 1289,
427 2030 555 2056 Pei-edita
575 2032 604 2056 su
625 2033 750 2056 raccolta
765 2032 812 2056 dai
825 2034 940 2064 quattro
953 2033 1013 2064 figli

120 2076 203 2100 Piero
223 2077 315 2104 conte,
340 2075 505 2105 Albertino,
524 2074 657 2099 Marsilio
677 2082 692 2099 e
711 2075 874 2105 Bonifacio,
901 2075 908 2098 i
936 2074 1015 2106 quali

121 2119 166 2142 nel
197 2118 272 2149 1289,
300 2125 331 2148 19
350 2118 468 2150 giugno,
491 2117 690 2149 procedevano
714 2117 773 2140 alla
799 2117 945 2141 divisione
970 2117 1014 2141 dei

121 2161 186 2184 beni
206 2161 317 2192 paterni
332 2159 417 2190 (XIX,
431 2159 485 2191 64).
510 2160 547 2183 Di
564 2160 656 2191 questi
669 2159 696 2183 le
709 2167 771 2183 case
785 2160 891 2183 urbane
905 2160 935 2183 in
949 2167 1016 2183 con-

121 2202 202 2227 trada
228 2202 256 2226 di
283 2201 311 2226 S.
331 2202 470 2231 Mai-tino,
497 2209 551 2225 con
578 2202 642 2225 beni
663 2202 693 2225 di
712 2202 806 2234 Agna,
828 2200 925 2232 Cesso,
949 2202 1016 2225 Bor-

121 2245 236 2277 goforte
254 2247 409 2269 toccarono
428 2251 444 2268 a
464 2244 638 2272 Bonifacio;
657 2244 733 2268 altra
753 2251 817 2268 casa
838 2244 945 2268 urbana
962 2252 976 2268 a
989 2244 1017 2267 S.

123 2288 250 2311 Martino
278 2294 293 2310 e
318 2286 385 2310 beni
414 2287 441 2310 di
467 2287 562 2318 Agna,
588 2285 684 2314 Cesso,
710 2286 846 2311 Garbello
872 2294 886 2310 e
911 2287 1018 2318 Borgo-

125 2330 199 2354 forte
219 2330 323 2353 turono
341 2329 487 2360 assegnati
507 2337 522 2352 a
540 2328 690 2356 Marsilio;
710 2328 737 2352 13
758 2336 820 2352 casa
841 2336 936 2352 nuova
957 2336 971 2352 a
991 2327 1018 2352 S.

123 2371 262 2400 Martino‚
282 2372 308 2395 Ia
329 2371 400 2395 villa
420 2371 448 2395 di
475 2371 648 2402 Anguillara
667 2378 720 2394 con
743 2371 807 2394 beni
836 2372 865 2394 in
893 2370 979 2395 Cesso
1004 2377 1019 2394 e

125 2413 269 2442 Garbello,
281 2414 441 2438 eccettuato
455 2413 477 2437 il
492 2413 620 2443 castello,
633 2420 789 2444 passarono
800 2413 835 2436 ad
851 2413 1019 2441 Albertino;

125 2457 214 2481 sedici
233 2457 367 2480 sedimini
389 2464 402 2480 e
422 2462 484 2480 case
503 2463 518 2480 3
537 2454 564 2479 S.
579 2455 715 2483 Martino,
729 2463 743 2479 e
757 2455 767 2479 i
781 2455 848 2479 beni
862 2455 888 2478 di
904 2454 931 2479 S.
945 2454 1021 2483 siro,

126 2498 217 2528 cona,
236 2499 428 2528 Armentaria,
449 2504 575 2522 vennero
602 2505 617 2521 a
642 2497 816 2521 Pieroconte
836 2505 888 2521 con
910 2497 937 2521 la
959 2497 1020 2528 giu-

125 2541 283 2565 risdizione
302 2540 332 2564 di
354 2541 445 2572 Agna.
502 2540 523 2563 E
543 2538 646 2572 poiche
666 2540 743 2563 nella
767 2541 847 2571 parte
872 2541 1022 2571 assegnata

126 2591 142 2608 a
161 2584 258 2607 Pietro
273 2582 366 2607 Conte
378 2590 434 2606 non
449 2582 537 2614 figura
552 2582 635 2606 alcun
651 2581 801 2606 Immobile
815 2581 845 2605 di
860 2581 1023 2606 abitazione

128 2627 156 2650 in
178 2625 314 2650 contrada
334 2625 365 2649 di
383 2624 410 2649 S.
430 2625 566 2653 Μαι-11110,
586 2623 601 2648 ὲ
621 2623 785 2648 verosimile
804 2625 857 2649 che
869 2631 967 2648 avesse
980 2623 1022 2648 fis-

127 2670 190 2692 sato
211 2668 238 2692 la
257 2668 403 2692 residenza
422 2667 497 2692 della
517 2667 652 2698 samiglia
679 2667 756 2690 nella
782 2667 920 2690 contrado.
942 2666 971 2690 di
996 2666 1024 2691 S.

127 2709 218 2734 Croce
238 2710 264 2734 al
283 2710 371 2734 Prato
392 2709 468 2734 della
486 2709 579 2740 Valle,
598 2709 671 2732 dove
690 2708 778 2740 figura
798 2715 906 2740 sempre
933 2708 1024 2732 dimo-

128 2760 189 2776 rare
209 2753 237 2776 la
258 2753 389 2785 famiglia
409 2760 459 2776 sua
478 2750 617 2784 (Caozuo,
637 2752 746 2781 Albero,
767 2759 793 2782 p.
819 2751 851 2775 81
879 2751 940 2783 sg.),
966 2751 1023 2774 seb-

129 2795 198 2819 bene
219 2795 239 2818 11
262 2794 348 2827 figlio
368 2794 526 2818 Francesco
546 2794 575 2817 di
595 2793 622 2818 S.
641 2793 714 2823 Sir0‚
742 2801 756 2817 a
777 2793 929 2818 differenza
949 2793 1025 2817 della

130 2837 234 2867 madre,
253 2837 356 2861 sembri
377 2844 443 2860 aver
462 2835 609 2860 trasferito
631 2836 659 2860 la
679 2843 728 2859 sua
748 2836 894 2860 residenza
915 2836 944 2859 in
959 2842 1027 2859 con-

130 2879 212 2903 trada
233 2879 261 2903 di
282 2878 310 2903 S.
328 2878 457 2903 Mai-tino
476 2879 536 2910 (ivi,
556 2886 582 2911 p.
603 2876 658 2909 82).
695 2878 765 2902 Pare
791 2878 841 2901 che
866 2877 923 2909 egli
952 2877 1027 2901 fosse

130 2920 178 2954 gia
199 2923 293 2946 morto
313 2921 358 2945 nel
381 2920 457 2954 1306,
477 2928 556 2945 come
575 2921 611 2945 da
623 2922 702 2944 carta
715 2921 744 2944 di
759 2920 893 2952 deposito
907 2920 934 2944 di
950 2920 1027 2951 quel-

133 2963 231 2988 l’anno
251 2963 296 2987 del
316 2962 397 2995 figlio
416 2963 571 2988 Francaeco
591 2963 651 2995 (ivi,
671 2970 697 2994 p.
711 2962 767 2995 82),
781 2970 825 2986 rna
840 2963 868 2986 la
881 2962 1029 2986 divisione

1066 1475 1162 1507 XIX.
1195 1493 1236 1497 -
1267 1474 1412 1506 Domini
1439 1475 1566 1507 Petrus
1601 1475 1726 1512 Comes,
1762 1474 1965 1511 AIberMuus,

1158 1528 1335 1561 Mat-silius
1358 1532 1390 1559 et
1413 1528 1624 1567 Bom'fact'us.

1157 1636 1211 1668 63.
1227 1634 1294 1676 [23]
1313 1653 1353 1657 —
1370 1634 1450 1666 Filii
1467 1634 1606 1667 domino
1623 1634 1790 1666 Iacobino
1815 1634 1967 1676 Papafa-

1068 1699 1109 1721 ve
1125 1695 1377 1720 successerunt.
1417 1687 1522 1719 Cuius
1546 1687 1776 1719 successionis
1799 1687 1883 1719 illud
1901 1697 1967 1730 ego

1067 1749 1203 1783 tempus
1226 1741 1424 1784 legentibus
1448 1742 1592 1778 tradam,
1617 1742 1711 1783 quod
1735 1740 1779 1772 de
1797 1741 1968 1772 divisione

1068 1796 1179 1837 prime
1205 1795 1411 1827 hereditatis
1427 1795 1519 1826 inter
1534 1804 1594 1826 eos
1610 1794 1716 1831 facta,
1741 1804 1832 1826 anno
1849 1794 1967 1826 Domi—

1067 1849 1101 1880 ni
1118 1848 1256 1880 scilicet
1272 1847 1455 1880 millesimo
1478 1846 1718 1879 ducentesimo
1735 1847 1969 1889 octuagesimo

1066 1988 1111 2012 dei
1130 1988 1194 2012 beni
1218 1988 1245 2012 fu
1266 1988 1410 2012 effettuata
1431 1987 1491 2011 solo
1513 1988 1558 2011 nel
1582 1987 1658 2019 1318.
1688 1986 1718 2010 16
1744 1994 1846 2017 marzo,
1872 1988 1900 2010 in
1921 1993 1960 2010 se·
1991 1993 2021 2018 25

1067 2031 1150 2062 guito
1165 2031 1222 2054 alla
1238 2031 1301 2054 loro
1315 2031 1505 2054 devoluzione
1520 2030 1547 2053 ai
1563 2030 1656 2061 nipoti
1672 2029 1830 2060 superstiti,
1850 2029 1926 2060 dopo
1940 2029 1967 2053 la

1071 2075 1160 2097 morte
1188 2073 1263 2096 della
1292 2073 1398 2104 moglie
1425 2080 1438 2096 e
1464 2073 1508 2096 del
1536 2072 1617 2103 figlio
1644 2072 1687 2095 del
1716 2072 1841 2099 titolare,
1867 2079 1880 2094 e
1907 2070 1969 2095 cio&

1070 2115 1174 2140 all'ava
1195 2115 1333 2139 Adelinta
1354 2115 1399 2138 dei
1420 2114 1616 2142 Bontraversi,
1638 2121 1652 2137 a
1672 2113 1800 2138 Rinaldo
1826 2121 1840 2137 e
1868 2114 1970 2137 Marsi-

1071 2155 1164 2185 lietto,
1185 2157 1245 2189 figll
1265 2157 1310 2180 del
1332 2157 1449 2180 fratello
1470 2157 1635 2184 Albertino,
1661 2163 1675 2179 e
1701 2164 1715 2179 a
1743 2156 1863 2184 Obizzo,
1889 2155 1969 2187 figlio

1072 2199 1217 2223 dell'altro
1247 2199 1362 2222 fratello
1393 2198 1535 2222 Marsilio.
1573 2197 1612 2221 La
1645 2199 1722 2221 carta
1750 2196 1764 2221 'e
1794 2198 1972 2230 importante
1998 2208 2032 2232 30

1071 2240 1209 2273 (Czomo,
1228 2241 1337 2269 Albero,
1358 2248 1383 2271 p.
1405 2240 1435 2263 81
1458 2240 1519 2271 sg.).
1540 2238 1640 2271 perch'e
1659 2241 1769 2263 accerta
1789 2239 1816 2263 lo
1837 2241 1911 2262 stato
1933 2240 1970 2262 ci-

1073 2284 1130 2307 vile
1149 2284 1177 2307 di
1198 2285 1298 2314 questo
1318 2290 1397 2306 ramo
1419 2283 1464 2306 nel
1485 2284 1630 2306 momento
1654 2279 1704 2314 piii
1731 2282 1870 2305 brillante
1897 2282 1971 2305 della

1073 2326 1164 2350 storia
1184 2333 1333 2353 carrarese,
1354 2325 1400 2349 nel
1424 2324 1500 2356 1318.
1537 2324 1595 2348 Son
1621 2325 1705 2348 morti
1735 2324 1805 2348 tutti
1831 2324 1841 2347 i
1871 2323 1972 2347 diretti

1072 2369 1250 2392 discendenti
1264 2369 1291 2391 di
1307 2367 1490 2391 Giacomino.
1517 2366 1687 2390 Pieroconte
1702 2374 1748 2390 era
1763 2368 1856 2390 morto
1870 2365 1972 2389 avanti

1075 2412 1095 2435 il
1119 2411 1199 2443 1306;
1220 2411 1372 2434 Albertino
1394 2410 1496 2433 risulta
1510 2407 1558 2441 gia
1573 2411 1668 2433 morto
1683 2409 1729 2432 nel
1746 2416 1813 2440 1312
1828 2407 1971 2441 (Cssonno,
2001 2418 2031 2444 33

1074 2455 1183 2481 Albero,
1203 2461 1229 2485 p.
1249 2452 1303 2485 87).
1343 2452 1475 2476 Marsilio
1497 2459 1604 2483 rogava
1619 2451 1640 2475 il
1661 2458 1712 2475 suo
1733 2453 1904 2474 testamento
1926 2450 1971 2474 nel

1078 2503 1141 2528 ¹311
1170 2496 1230 2526 (ivi,
1257 2503 1283 2527 p.
1314 2496 1368 2525 75),
1394 2502 1407 2518 e
1435 2502 1491 2518 non
1522 2494 1631 2517 sembra
1658 2494 1699 2517 sia
1730 2494 1931 2525 sopravissuto
1958 2500 1972 2516 a

1076 2539 1175 2570 lungo,
1196 2536 1296 2570 perche
1317 2544 1375 2561 non
1398 2545 1426 2561 se
1453 2544 1486 2560 ne
1513 2536 1548 2560 ha
1575 2535 1624 2568 pisi
1651 2537 1801 2563 memoria;
1829 2538 1905 2559 certo
1926 2543 1972 2559 era

1077 2584 1169 2605 morto
1196 2581 1241 2604 nel
1270 2580 1346 2611 1318.
1384 2580 1483 2603 Anche
1511 2579 1665 2602 Bonisacio
1693 2580 1804 2602 testava
1831 2578 1876 2602 nel
1907 2584 1974 2609 1310

1078 2623 1138 2656 (ivi,
1158 2630 1183 2654 p.
1204 2623 1258 2653 73),
1279 2629 1323 2645 ma
1343 2621 1389 2644 nel
1413 2627 1478 2652 1312
1504 2628 1550 2644 era
1578 2618 1627 2652 gia
1647 2623 1752 2650 morto,
1774 2628 1851 2644 come
1871 2620 1974 2643 risulta
2001 2631 2035 2656 40

1078 2666 1124 2690 dal
1146 2666 1318 2688 testamento
1339 2664 1383 2687 del
1403 2663 1483 2695 figlio
1504 2664 1609 2686 Brusco
1629 2662 1659 2686 di
1675 2663 1841 2693 quell'anno
1861 2661 1973 2693 (xxm,

1078 2707 1133 2740 91).
1170 2707 1191 2730 E
1218 2713 1275 2730 non
1301 2706 1364 2730 solo
1391 2713 1477 2729 erano
1498 2706 1598 2729 estinti
1620 2705 1629 2728 i
1650 2704 1772 2732 coeredi,
1793 2711 1837 2728 ma
1856 2704 1945 2728 anche
1965 2704 1975 2726 i

1079 2750 1209 2782 proeredi
1230 2749 1259 2772 di
1278 2748 1459 2777 Pieroconte,
1479 2748 1691 2779 sopravivendo
1705 2747 1769 2770 solo
1789 2749 1831 2770 tre
1850 2746 1895 2770 dei
1915 2746 1975 2777 figli

1080 2792 1109 2815 di
1125 2791 1279 2815 Albertino
1293 2798 1306 2814 e
1322 2791 1460 2818 Marsilio,
1474 2790 1562 2821 quelli
1578 2789 1627 2812 che
1642 2789 1770 2820 figurano
1791 2789 1879 2812 anche
1900 2788 1974 2811 nella

1081 2835 1259 2858 descrizione
1279 2833 1325 2856 dei
1348 2832 1486 2856 cittadini
1507 2831 1551 2855 del
1582 2838 1649 2863 1320
1673 2831 1731 2861 (DA
1750 2831 1867 2858 ΤιιΜΡο,
1894 2831 1975 2854 Dellc
2004 2837 2035 2862 45

1082 2877 1148 2900 rime
1168 2884 1231 2905 ece..
1251 2876 1294 2899 ed.
1314 2875 1425 2905 (imon,
1451 2876 1507 2902 cit..
1529 2882 1554 2905 p.
1577 2873 1638 2904 262)
1665 2874 1822 2897 dimoranti
1850 2873 1893 2896 nel
1913 2880 1975 2896 cen-

1082 2919 1195 2943 tenario
1215 2918 1242 2942 di
1265 2919 1291 2943 S.
1310 2918 1447 2942 Martino.
