2346 3597
408 152 417 185 l
432 151 476 188 74
758 150 891 185 GEST
893 150 929 185 A
960 150 1262 186 MAGNIFICA
1289 150 1475 186 DOMUS
1505 151 1898 187 CARRARIENSIS

398 283 541 315 obligavit
561 283 690 315 predicto
711 284 892 314 procuratori
912 290 964 315 pro
984 283 1104 307 Alberto
1124 283 1280 314 accipienti
1301 290 1353 314 pro
1373 283 1482 307 duabus
1500 284 1630 315 partibus
1644 283 1872 315 supradictarum
1887 284 1967 308 mille
1981 284 2128 314 librarum,
2141 286 2167 309 si
2179 284 2238 309 filie

399 336 447 352 sue
466 330 597 359 quatuor,
616 328 727 351 scilicet
746 328 871 356 Beatrix,
891 327 981 356 India,
1000 327 1074 352 Sofia
1093 329 1120 351 et
1134 327 1241 355 He1ica,
1257 335 1312 351 non
1334 328 1487 351 habuerint
1506 328 1614 352 firmam
1634 328 1828 360 supradictam
1851 328 2063 361 obligacionem
2083 329 2188 354 factam
2208 331 2237 353 in

398 372 575 405 Capitesilve
594 374 623 396 et
643 373 671 395 in
692 373 784 396 Ponte
804 371 903 396 Casali
922 372 1074 396 occasione
1093 371 1224 395 absencie
1243 374 1270 396 et
1290 373 1412 396 minoris
1426 372 1520 403 etatis,
1540 373 1578 396 sit
1598 373 1759 405 obligatum
1778 373 1910 402 Alberto,
1930 373 1955 397 si
1975 373 2103 405 predicte
2121 373 2188 405 filie,
2207 375 2239 397 ut

396 425 479 450 supra
500 417 606 441 dictum
627 418 678 447 est,
697 418 942 441 contravenerint.
980 416 1054 440 Dico
1074 417 1164 440 eciam
1185 417 1260 447 quod
1280 423 1329 440 sex
1349 416 1451 447 mansi,
1476 424 1546 448 quos
1573 418 1718 449 obligavit
1742 417 1869 442 Marcius
1895 425 1946 449 pro
1967 420 2045 441 sexta
2071 419 2152 450 parte
2176 425 2239 450 pre-

397 462 536 486 dictarum
557 461 636 484 mille
656 461 793 485 librarum
815 462 844 484 in
865 460 997 489 Credula,
1017 467 1088 491 quos
1108 460 1244 484 Albertus
1263 460 1360 492 eliget,
1379 459 1496 492 [eidem]
1517 461 1562 485 vel
1577 463 1755 493 procuratori
1775 461 1889 485 Alberti
1903 470 1954 494 pro
1968 462 2066 487 eodem
2081 463 2236 495 accipienti

394 507 455 530 sint
473 506 606 538 obligati,
625 506 648 529 si
670 512 742 529 uxor
764 505 865 529 Marcii
885 505 1097 536 obligacionem
1120 506 1224 528 iactam
1244 505 1273 528 in
1294 503 1474 536 Capitesilve
1492 506 1520 529 et
1540 506 1569 529 in
1589 505 1682 529 Ponte
1695 504 1794 530 Casan
1813 508 1904 530 ratam
1925 513 1982 530 non
2002 506 2142 531 habuerit.
2177 506 2238 530 Hoc

397 551 471 574 idem
491 550 555 574 dico
577 549 609 573 de
629 550 755 580 quinque
774 550 890 577 mansis,
917 556 988 580 quos
1015 548 1159 580 obligavit
1183 548 1336 573 Iacobinus
1362 550 1543 579 procuratori
1569 556 1622 580 pro
1648 550 1727 574 dicto
1751 550 1872 574 Alberto
1897 551 2053 583 accipienti
2081 557 2133 582 pro
2158 551 2238 574 sexta

396 596 475 626 parte
495 594 575 618 mille
595 594 741 625 librarum,
762 601 833 624 quos
853 593 989 617 Albertus
1009 593 1114 625 eligere
1133 593 1270 622 voluerit,
1289 594 1349 617 sint
1368 593 1458 617 eidem
1478 593 1611 625 obligati,
1631 594 1656 618 si
1677 602 1749 618 uxor
1767 596 1828 618 eius
1850 595 2006 626 predictam
2026 595 2237 627 obligacionem

397 641 428 664 in
448 639 625 672 Capitesilve
645 640 671 663 et
691 639 721 662 in
742 639 834 662 Ponte
853 637 952 662 casali
972 638 1074 663 factam
1097 640 1123 662 et
1144 646 1239 670 pacem
1259 639 1320 662 eius
1342 639 1457 661 nomine
1477 638 1581 662 factam
1601 638 1710 662 firmam
1730 647 1787 662 non
1801 639 1941 664 habuerit.
1976 639 2119 664 Similiter
2136 640 2169 663 ut
2187 639 2238 662 Al-

396 685 492 708 bertus
512 686 539 707 et
559 685 647 708 mater
667 685 694 707 et
714 691 786 707 uxor
805 685 832 707 et
853 683 970 707 domina
989 682 1156 714 Speronella
1176 684 1204 706 et
1223 681 1367 707 Gerardus
1393 679 1427 706 de'
1447 681 1575 707 Calaone
1599 685 1628 707 et
1646 683 1845 712 Traversinus‚
1871 692 1905 707 ex
1929 684 1986 708 alia
2012 686 2092 716 parte
2117 684 2236 708 domina

394 728 563 753 Bartholina
583 730 611 752 et
631 728 688 752 filie
707 728 818 751 domini
838 726 987 751 Albertini
1007 729 1034 751 et
1052 727 1204 751 Iacobinus
1225 730 1252 751 et
1277 726 1403 751 Marcius
1423 728 1450 750 et
1477 734 1570 751 comes
1596 727 1707 759 Ugucio
1733 730 1761 751 et
1781 728 1967 760 Malacapella
1992 730 2020 752 et
2039 728 2189 753 Taurellus
2209 729 2237 751 et

394 775 533 797 Arnerius
553 781 609 797 non
630 773 739 796 intrent
760 774 788 795 in
810 772 905 795 insula
925 771 1115 804 Capitissilve
1134 779 1220 803 usque
1240 771 1274 796 ad
1295 771 1398 796 festum
1419 773 1512 796 sancti
1535 772 1656 801 Andree,
1676 774 1704 796 et
1722 774 1805 796 tanto
1824 773 1889 804 plus
1909 773 1953 796 vel
1974 774 2077 802 minus,
2097 775 2235 804 quantum

394 819 535 850 placuerit
555 817 688 841 omnibus
708 816 874 840 consulibus
900 817 943 840 vel
964 817 1069 840 maiori
1089 818 1174 848 parti,
1212 816 1247 840 Et
1266 817 1319 840 hoc
1345 817 1472 849 precipio
1492 818 1606 847 utrique
1626 816 1702 848 parti
1721 817 1772 840 sub
1791 824 1864 849 pena
1884 818 2070 841 ducentarum
2087 817 2236 846 librarum,

395 865 422 887 et
443 864 540 887 omnia
560 863 681 894 dampna
702 861 777 885 sacta
796 869 830 884 ex
857 863 975 892 utraque
998 862 1077 892 parte
1104 861 1292 885 restituantur
1317 861 1383 891 hiis,
1410 861 1513 892 quibus
1540 861 1614 885 facta
1641 863 1715 889 sunt,
1741 861 1777 885 ad
1803 858 1982 885 voluntatem
2008 861 2168 890 consulum,
2187 860 2236 891 qui

393 908 426 932 ad
447 907 500 931 hoc
520 908 602 930 erunt
621 906 714 930 electi.
748 905 802 929 Sed
822 906 930 934 omnia,
949 913 1001 936 que
1021 906 1136 929 fuerunt
1158 906 1242 936 facta,
1261 913 1323 929 cum
1345 905 1452 929 milltes
1466 907 1559 929 essent
1574 906 1604 928 in
1619 904 1769 929 Cenetensi
1790 907 1817 929 et
1836 907 1902 929 octo
1922 905 1983 929 dies
1999 907 2108 938 postea,
2122 913 2156 929 ex
2175 912 2231 936 quo

393 953 549 979 redierunt,
568 951 598 974 in
619 951 735 982 duplum
763 951 952 974 restituantur
972 958 1058 981 usque
1077 950 1111 974 ad
1132 957 1237 974 annum
1259 958 1373 979 novum,
1394 951 1415 973 si
1438 949 1525 973 fuerit
1551 950 1726 974 declaratum
1745 950 1919 975 consulibus.
1956 950 1986 974 Si
2011 957 2065 981 qua
2084 956 2153 974 vero
2172 955 2234 981 par-

394 997 467 1020 cium
488 996 595 1019 dixerit
615 1002 641 1018 se
667 1002 725 1018 non
747 995 845 1018 debere
867 995 1015 1019 restituere
1035 995 1179 1023 damnum,
1198 995 1222 1018 si
1243 1002 1301 1018 non
1321 995 1482 1018 ostenderit
1504 994 1724 1019 racionabiliter
1743 995 1821 1018 infra
1840 994 1934 1019 decem
1955 995 2024 1025 dies,
2049 1001 2134 1026 quare
2154 993 2234 1017 resti-

394 1043 471 1065 tuere
490 1048 547 1064 non
568 1040 678 1070 debeat,
697 1046 731 1062 ex
751 1046 807 1070 quo
827 1039 884 1062 alia
905 1046 970 1071 pars
989 1040 1089 1071 parata
1109 1040 1150 1062 est
1170 1039 1312 1062 declarare
1332 1039 1495 1070 dampnum,
1515 1039 1639 1070 amplius
1659 1046 1717 1063 non
1737 1039 1880 1067 audiatur,
1902 1040 1948 1063 secl
1970 1041 2126 1072 recipiatur
2145 1039 2236 1063 decla·

393 1086 469 1110 racio
488 1086 606 1108 alterius
627 1084 726 1116 partis,
747 1085 774 1107 et
787 1083 896 1107 faciant
910 1083 1040 1107 consules
1054 1084 1170 1107 vadiare
1185 1083 1337 1116 dampnum
1350 1083 1417 1112 hiis,
1431 1084 1480 1114 qui
1494 1083 1571 1115 passi
1585 1085 1651 1108 sunt
1671 1083 1834 1116 dampnum,
1854 1085 1881 1107 et
1900 1083 1965 1108 dare
1985 1084 2105 1108 idoneos
2123 1084 2235 1108 fideius-

393 1137 479 1154 sores.
515 1128 647 1160 Precipio
667 1127 743 1159 quod
762 1127 915 1151 Iacobinus
934 1129 962 1151 et
981 1128 1106 1151 Marcius
1125 1128 1274 1151 emendent
1294 1130 1405 1152 centum
1426 1127 1514 1151 libras
1529 1129 1694 1151 veronensis
1713 1135 1761 1151 seu
1782 1129 1880 1152 venete
1900 1130 2012 1152 monete
2032 1128 2163 1158 Alberto,
2182 1135 2234 1160 pro

392 1183 425 1199 eo
444 1173 519 1206 quod
539 1174 569 1197 in
591 1180 658 1205 pace
676 1173 858 1196 intraverunt
878 1180 927 1204 per
946 1173 1004 1196 vim
1027 1170 1054 1196 in
1076 1172 1255 1204 Capitesilve
1280 1174 1307 1196 et
1333 1173 1550 1197 debellaverunt
1575 1174 1680 1196 turrem
1701 1173 1823 1202 Alberti,
1843 1180 1930 1204 usque
1949 1174 1983 1197 ad
2003 1173 2060 1197 kal.
2079 1173 2189 1201 marcii,
2207 1174 2236 1196 et

392 1219 581 1247 fideiussores,
602 1225 672 1249 quos
693 1217 832 1241 dederunt
852 1217 1003 1241 Iacobinus
1021 1219 1049 1241 et
1062 1217 1187 1241 Marcius
1201 1215 1389 1247 Guilincello⁷
1403 1218 1582 1249 procuratori
1604 1218 1716 1241 Alberti
1738 1225 1790 1249 pro
1809 1218 1908 1241 eodem
1928 1217 2048 1242 Alberto
2069 1217 2233 1249 accipienti,

393 1265 451 1288 sint
466 1263 588 1294 obligati
602 1263 723 1286 Alberto
737 1269 788 1293 pro
801 1262 858 1285 hiis
873 1263 983 1285 centum
999 1261 1134 1285 librarum
1150 1262 1362 1290 securitatibus,
1376 1268 1446 1293 quas
1462 1262 1590 1285 fecerunt
1602 1262 1718 1286 domina
1732 1262 1891 1292 Bartolina,
1905 1262 2057 1286 Iacobinus
2071 1263 2098 1286 et
2110 1261 2234 1286 Marcius

394 1309 513 1332 Alberto
534 1314 628 1331 coram
648 1307 794 1338 episcopo,
814 1313 883 1338 quas
904 1307 972 1330 fecit
991 1305 1133 1330 Gerardus
1153 1306 1186 1330 de
1206 1305 1334 1330 Calaone
1353 1306 1469 1330 domine
1494 1306 1664 1330 Bartholine
1683 1313 1730 1330 sue
1750 1308 1825 1338 parti
1847 1307 1880 1331 de
1899 1306 2085 1331 emendandis
2105 1305 2235 1330 ducentis

391 1353 473 1376 libris
493 1359 546 1383 pro
567 1352 766 1375 destruccione
786 1351 872 1374 turris
892 1353 918 1374 et
939 1351 1039 1374 domus
1059 1351 1269 1374 remanentibus
1290 1351 1319 1374 in
1339 1357 1390 1374 suo
1405 1352 1491 1374 statu.
1528 1351 1564 1375 Et
1578 1351 1642 1375 dico
1656 1351 1732 1382 quod
1753 1351 1908 1375 concordia
1928 1351 1988 1380 illa,
2008 1358 2091 1382 quam
2105 1350 2233 1374 fecerunt

392 1396 524 1421 Gnanfus
544 1398 571 1420 et
591 1396 746 1425 vitalium,
766 1395 845 1419 firma
864 1397 912 1425 sit,
933 1395 1084 1419 secundum
1105 1395 1180 1426 quod
1199 1396 1416 1419 ordinaverunt.
1453 1395 1488 1419 Et
1502 1395 1568 1419 dico
1589 1396 1664 1426 quod
1679 1403 1753 1419 unus
1773 1396 1858 1420 iudex
1879 1396 2059 1426 Lombardie,
2075 1403 2156 1427 quem
2176 1394 2233 1418 duo

391 1441 521 1465 consules
540 1448 630 1464 secum
653 1439 877 1471 [no]mir1abunt,
897 1441 1051 1471 cognoscat
1071 1441 1145 1463 inter
1165 1439 1318 1471 predictos,
1339 1440 1461 1472 prestito
1481 1440 1573 1471 primo
1588 1440 1757 1468 iuramento,
1777 1447 1809 1464 eo
1828 1441 1902 1472 quod
1923 1440 2076 1464 secundum
2095 1440 2186 1471 legem
2204 1440 2233 1462 et

389 1487 496 1510 bonum
518 1492 597 1508 usum
617 1484 739 1508 diffiniet
759 1491 845 1515 usque
866 1483 900 1507 ad
922 1483 995 1507 illud
1015 1485 1134 1515 tempus,
1154 1484 1229 1515 quod
1250 1483 1380 1507 consules
1400 1483 1617 1513 ordinaverunt,
1637 1484 1670 1507 de
1689 1484 1824 1508 omnibus
1842 1484 2060 1511 controversiis
2079 1491 2132 1515 que
2150 1484 2235 1506 erunt

393 1532 467 1554 inter
487 1537 542 1558 eos,
562 1530 679 1560 excepto
699 1528 732 1552 de
751 1529 824 1552 turri
844 1530 871 1552 et
891 1529 976 1552 domo
996 1528 1138 1552 faciendis
1159 1528 1203 1552 vel
1224 1535 1280 1552 non
1301 1528 1450 1556 faciendis,
1471 1529 1621 1559 antequam
1636 1528 1834 1560 compleantur
1847 1530 2026 1561 possessione
2045 1528 2174 1559 litigiose
2193 1527 2235 1550 rei

393 1576 467 1607 apud
488 1574 626 1602 consules,
646 1573 728 1597 salvo
740 1574 799 1597 iure
813 1562 960 1605 utriusque
974 1573 1065 1604 partis
1080 1575 1137 1597 tam
1152 1579 1234 1604 super
1247 1573 1426 1605 possessione
1439 1580 1523 1604 quam
1538 1580 1620 1606 super
1634 1573 1812 1605 pertinencia
1825 1574 1873 1597 rei.
1899 1573 1968 1597 Pars
1982 1573 2099 1597 domine
2113 1571 2230 1596 Bartho-

395 1620 454 1642 line
467 1620 495 1642 et
508 1618 630 1642 filiarum
651 1617 760 1641 domini
776 1617 922 1641 Albertini
937 1619 965 1640 et
978 1618 1148 1640 maritorum
1161 1625 1258 1641 eorum
1273 1624 1331 1641 non
1346 1618 1462 1641 teneant
1476 1617 1550 1641 alios
1563 1617 1694 1641 homines
1708 1624 1795 1649 usque
1815 1618 1848 1641 ad
1862 1619 1992 1642 sanctum
2005 1617 2119 1641 Petrum
2134 1616 2231 1648 proxi-

395 1671 468 1687 mum
488 1664 639 1687 venturum
660 1663 690 1686 in
711 1662 844 1686 Carraria
863 1662 994 1694 et‘Agna
1014 1664 1041 1685 et
1061 1661 1155 1686 insula
1175 1661 1364 1694 Capitissilve
1385 1663 1412 1685 et
1432 1663 1461 1685 in
1482 1661 1634 1686 Calcinara
1654 1664 1681 1685 et
1703 1663 1731 1685 in
1752 1661 1874 1686 Credula
1895 1663 1988 1694 preter
2008 1670 2063 1690 eos,
2084 1663 2131 1693 qui
2152 1662 2233 1685 erant

392 1709 569 1732 habitatores
589 1707 629 1731 ibi
649 1708 715 1730 ante
734 1706 918 1734 discordiam,
939 1706 982 1729 vel
1003 1707 1051 1737 qui
1078 1706 1118 1730 ibi
1145 1706 1315 1730 habitabant
1337 1707 1399 1730 sine
1425 1706 1530 1730 fraude.
1569 1707 1603 1730 Et
1629 1706 1765 1730 Albertus
1791 1707 1926 1730 similiter
1952 1714 2010 1730 non
2038 1708 2133 1730 teneat
2159 1705 2233 1730 alios

394 1752 523 1776 homines
543 1759 630 1782 usque
650 1751 684 1774 ad
705 1751 808 1775 festum
828 1751 920 1775 sancti
939 1750 1015 1774 Petri
1038 1751 1067 1774 in
1087 1750 1182 1774 insula
1197 1749 1386 1783 CapitIssilve
1399 1751 1426 1774 et
1442 1751 1470 1774 ln
1486 1749 1640 1774 Calcinara
1653 1752 1681 1774 et
1696 1751 1726 1774 in
1747 1750 1870 1775 Credula
1889 1752 1917 1774 et
1930 1753 1960 1774 in
1974 1750 2160 1781 Trambaque,
2175 1749 2232 1773 nisi

392 1805 450 1826 eos,
469 1798 516 1828 qui
536 1798 617 1820 erant
636 1796 813 1820 habitatores
832 1796 872 1819 ibi
893 1797 959 1819 ante
979 1796 1160 1823 discordiam,
1182 1796 1225 1819 vel
1246 1797 1295 1827 qui
1310 1796 1349 1820 ibi
1370 1796 1539 1820 habitabant
1558 1798 1619 1820 sine
1640 1796 1747 1820 fraude.
1782 1797 1836 1822 Sed
1855 1799 1972 1828 utraque
1991 1804 2055 1829 pars
2077 1797 2165 1820 saciat
2183 1802 2232 1819 eos

392 1842 469 1865 exire
483 1842 516 1865 de
530 1842 612 1864 terris
627 1841 685 1864 suis
700 1840 775 1863 infra
795 1842 917 1871 quatuor
937 1840 998 1864 dies
1018 1847 1032 1863 a
1047 1847 1115 1871 pace
1129 1840 1212 1864 sacta.
1244 1840 1279 1864 Et
1292 1840 1345 1864 hoc
1360 1842 1491 1873 precipio
1505 1842 1618 1872 utrique
1632 1843 1706 1873 parti
1727 1842 1777 1866 sub
1792 1849 1862 1873 pena
1882 1842 2066 1865 ducentarum
2086 1840 2232 1865 librarum.

479 1885 619 1911 Similiter
640 1886 768 1916 precipio
787 1885 861 1915 quod
883 1885 999 1908 domina
1019 1884 1190 1908 Bartholina
1210 1886 1237 1909 et
1256 1892 1354 1909 omnes
1374 1893 1408 1909 ex
1423 1893 1472 1909 sua
1486 1888 1566 1918 parte
1586 1886 1720 1910 desinant
1734 1887 1767 1910 ab
1781 1886 1961 1910 edificatione
1974 1886 2055 1910 illius
2068 1885 2136 1916 loci,
2151 1891 2231 1916 quem

394 1932 559 1962 inceperunt
579 1930 670 1954 facere
691 1931 720 1953 in
742 1929 903 1960 Calcinara,
926 1936 976 1953 nec
996 1928 1113 1960 aliquod
1133 1929 1273 1953 edificium
1294 1930 1339 1953 vel
1361 1930 1475 1954 domum
1497 1931 1525 1954 in
1546 1937 1577 1954 ea
1598 1930 1687 1955 faciat
1707 1938 1793 1962 usque
1813 1931 1846 1955 ad
1868 1930 2041 1954 dominicam
2062 1931 2095 1954 de
2116 1931 2232 1963 Lacaro,

394 1977 436 2000 vel
457 1977 539 2000 tanto
558 1975 622 2008 plus
642 1975 686 1998 vel
709 1975 811 2003 minus,
831 1976 968 2005 quantum
989 1974 1131 2006 placuerit
1150 1975 1282 1998 omnibus
1302 1975 1468 1999 consulibus
1488 1975 1532 1999 vel
1554 1976 1656 2000 maiori
1677 1977 1751 2007 parti
1774 1976 1823 2000 sub
1841 1983 1913 2008 pena
1940 1976 2075 1999 librarum
2095 1975 2234 2007 quingen·

390 2023 490 2044 tarum.
528 2020 670 2044 Similiter
689 2019 818 2051 precipio
840 2019 967 2047 Alberto,
986 2020 1017 2043 ut
1037 2026 1093 2042 non
1114 2018 1226 2042 laboret
1246 2026 1324 2043 suam
1344 2021 1449 2043 turrem
1470 2019 1502 2043 de
1523 2020 1700 2052 Capitesilve
1718 2028 1804 2051 usque
1823 2020 1856 2044 ad
1877 2020 2051 2044 dominicam
2066 2020 2099 2043 de
2113 2020 2230 2051 Lacaro,

395 2065 437 2088 vel
458 2066 543 2088 tanto
563 2064 625 2095 plus
647 2064 690 2087 vel
711 2064 813 2092 minus,
833 2065 971 2094 quantum
992 2062 1132 2095 placuerit
1152 2064 1284 2087 omnibus
1305 2064 1470 2088 consulibus
1486 2064 1530 2087 vel
1544 2066 1646 2088 maiori
1662 2065 1747 2096 parti,
1761 2065 1811 2088 sub
1825 2072 1896 2096 pena
1910 2065 2047 2088 librarum
2061 2065 2232 2096 quingenta—

393 2117 461 2133 rum.
492 2109 528 2133 Et
544 2110 644 2139 totum,
660 2109 735 2140 quod
749 2108 856 2132 dictum
869 2110 920 2136 est,
933 2108 982 2131 sub
997 2108 1093 2131 debito
1107 2110 1347 2132 sacramentorum
1361 2110 1389 2132 et
1403 2109 1452 2132 sub
1467 2117 1538 2140 pena
1552 2110 1705 2142 pignorum
1719 2110 1832 2140 utrique
1845 2110 1918 2141 parti
1933 2109 2080 2133 attendere
2093 2109 2232 2141 precipio.

479 2154 554 2177 Data
574 2153 631 2177 fuit
649 2153 699 2177 hec
720 2153 866 2176 sentencia
887 2153 916 2175 in
937 2152 1032 2176 Padua
1046 2154 1073 2176 et
1087 2152 1118 2176 ln
1139 2152 1251 2184 palacio
1272 2153 1408 2185 episcopi.
1437 2153 1535 2177 Testes
1550 2153 1664 2178 fuerunt
1679 2153 1820 2185 Ugolinus
1835 2154 1868 2178 de
1882 2153 2002 2177 Alberto
2018 2154 2117 2184 tercio,
2130 2153 2233 2186 Acoto,

392 2199 528 2230 magister
542 2197 673 2226 Severus,
693 2197 854 2229 Egidiolus,
874 2197 1076 2226 Bernardinus,
1095 2197 1286 2222 Bucintaurus
1306 2197 1414 2222 iudices
1434 2200 1461 2222 et
1487 2198 1536 2222 alii
1559 2198 1651 2222 multi.

484 2243 512 2267 S.
533 2244 568 2266 AV.
588 2242 648 2274 Ego
668 2242 846 2270 Albertinus,
866 2241 938 2265 sacri
958 2242 1060 2274 palatii
1083 2242 1222 2270 notarius,
1242 2241 1362 2266 interfui
1382 2243 1408 2266 et
1427 2243 1507 2274 jussu
1533 2243 1662 2267 omnium
1689 2243 1847 2274 consulum,
1874 2243 2001 2274 exceptis
2027 2241 2180 2266 Octolinus
2205 2242 2232 2265 et

393 2286 530 2319 Rogatus,
549 2287 597 2317 qui
617 2288 697 2310 erant
718 2286 855 2314 absentes,
875 2286 948 2310 hanc
969 2286 1144 2310 sentenciam
1164 2286 1276 2318 scripsi.

482 2372 542 2403 Ego
561 2372 712 2402 Iohannes,
733 2371 834 2395 divina
854 2372 949 2402 gracia
969 2371 1097 2394 Ferrarie
1118 2372 1255 2399 notarius,
1276 2371 1361 2395 sicuti
1383 2372 1520 2403 scriptum
1534 2373 1642 2403 inveni,
1666 2374 1706 2396 ita
1726 2373 1827 2405 scripsi
1849 2373 1878 2396 in
1900 2371 2054 2396 millesimo
2075 2372 2231 2395 centesimo

393 2418 588 2448 octuagesimo
608 2417 718 2447 quarto,
738 2416 784 2440 die
804 2417 907 2440 octavo
927 2417 1047 2439 exeunte
1068 2423 1161 2439 mense
1181 2416 1260 2445 maii,
1281 2415 1441 2440 indictione
1461 2416 1592 2446 secunda,
1612 2417 1641 2441 in
1662 2418 1782 2441 civitate
1802 2416 1940 2440 Ferrarie.

479 2497 538 2529 Ego
558 2496 700 2524 Rusticus,
722 2497 850 2520 notarius
870 2497 942 2520 sacri
964 2495 1078 2528 palacii,
1098 2495 1292 2520 authenticum
1313 2496 1396 2520 huius
1416 2496 1540 2528 exempli
1562 2497 1621 2520 vidi
1635 2498 1662 2520 et
1676 2496 1743 2527 legi,
1760 2497 1832 2520 sicut
1853 2497 1881 2520 in
1898 2497 1951 2520 illo
1965 2496 2176 2523 continebatur.
2191 2496 2230 2519 ita

391 2544 417 2565 et
439 2544 466 2565 in
488 2543 544 2565 isto
564 2541 677 2572 scripsi,
699 2541 771 2564 nihil
793 2540 897 2564 addens
918 2541 962 2564 vel
983 2541 1123 2569 minuens,
1143 2546 1236 2572 preter
1255 2540 1381 2564 litteram
1404 2541 1446 2564 vel
1467 2541 1613 2572 syllabam,
1633 2541 1710 2572 quod
1731 2543 1820 2565 mutet
1838 2541 2021 2565 sentenciam.

480 2623 539 2655 Ego
560 2622 679 2654 Ugucio,
701 2622 784 2646 iudex
806 2622 1015 2653 infrascriptus.
1037 2622 1139 2654 scripsi

479 2667 537 2698 Ego
559 2667 732 2696 Anthemius,
752 2668 881 2690 notarius
901 2668 927 2690 et
947 2666 1080 2690 officialis
1099 2667 1308 2698 ultrascriptus,
1330 2673 1371 2689 me
1390 2666 1543 2699 subscripsi
1564 2668 1590 2689 et
1610 2667 1757 2690 ascultavi.

480 2712 539 2742 Ego
561 2711 727 2738 Bernardus,
742 2711 812 2734 olim
827 2711 939 2735 domini
959 2711 1037 2734 Petri
1053 2710 1157 2735 iudicis
1171 2710 1204 2734 de
1218 2709 1350 2739 Caselns,
1366 2711 1494 2734 notarius
1509 2711 1718 2742 ulti-ascriptus.
1738 2710 1865 2734 existens
1880 2711 1909 2734 in
1924 2710 2016 2733 officio
2033 2709 2229 2740 ultrascripto,

392 2764 485 2779 coram
506 2755 692 2787 ultrascripto
713 2754 814 2783 iudice,
835 2755 1012 2786 presentibus
1031 2755 1224 2786 ultrascriptis
1244 2755 1363 2778 testibus
1379 2755 1501 2778 notariis
1514 2757 1541 2779 et
1555 2754 1642 2778 soa-iis
1657 2755 1690 2778 nd
1706 2755 1813 2778 dictum
1828 2754 1938 2778 discum
1953 2753 2092 2777 Griflonis
2112 2755 2137 2776 el
2153 2752 2228 2778 aliisv

399 2802 468 2824 dicti
490 2800 595 2832 judicis
614 2800 691 2832 jussu
711 2800 737 2822 et
757 2801 936 2827 auctoritate,
957 2801 1127 2823 statutorum
1146 2800 1306 2822 commun1s
1328 2799 1422 2822 Paduc
1441 2799 1623 2823 solemnitate
1642 2801 1669 2822 et
1689 2798 1779 2822 forma
1798 2800 1918 2827 servata,
1943 2799 2165 2830 suprascriptum
2188 2798 2227 2820 in·
2260 2814 2268 2819 i

391 2846 578 2869 strumentum
600 2845 744 2868 sentencie
763 2851 811 2876 per
829 2843 1010 2867 Albertinum
1031 2844 1168 2875 scriptum
1188 2845 1215 2867 et
1234 2851 1267 2867 cx
1288 2843 1377 2875 ipsius
1399 2844 1563 2867 authentico
1583 2843 1704 2867 fideliter
1723 2843 1892 2875 exemplavi,
1908 2843 1949 2866 nil
1964 2844 1992 2866 in
2013 2850 2045 2866 eo
2060 2842 2165 2865 addens
2184 2841 2228 2864 vel

393 2891 531 2918 minuens,
550 2889 624 2919 quod
647 2889 817 2912 sententiam
839 2890 936 2916 mutet,
951 2890 1079 2912 currente
1099 2895 1175 2912 anno
1191 2888 1308 2911 Domini
1324 2888 1478 2911 millesimo
1494 2887 1693 2911 trecentesimo
1707 2887 1952 2918 quinquagesimo,
1968 2887 2128 2910 indictione
2141 2887 2229 2910 tercia

393 2934 437 2957 die
458 2934 588 2957 mercurii
610 2934 702 2964 primo
721 2933 897 2964 septembris.
917 2933 1054 2963 regimine
1074 2933 1231 2957 antedicto.

2270 681 2301 707 10

2269 901 2298 928 15

2264 1124 2300 1150 20

2263 1346 2297 1372 25

2261 1567 2296 1594 30

2262 1791 2296 1818 :35

2264 2015 2297 2041 40

2262 2238 2295 2264 45

2261 2536 2295 2563 50
