2346 3597
688 337 827 369 REDAZ.
851 335 883 367 A

364 411 532 453 peratoris
543 410 648 451 ipsius
662 410 737 441 utili
750 415 783 441 et
796 409 911 441 solerti
927 408 1081 444 consilio,
1094 406 1204 438 silicet

365 464 457 506 quod
473 464 516 495 de
534 469 659 504 patavo
683 463 846 495 transiret
870 462 902 492 in
927 461 1035 492 solum
1061 459 1205 491 vicenti-

365 528 443 548 num
462 522 496 548 et
513 517 640 548 deinde
655 516 690 547 in
708 525 909 551 veronense,
922 505 1126 555 peracturus
1137 522 1204 554 que

364 581 426 612 per
456 570 566 611 ipsum
597 576 766 610 concepta
803 567 1018 604 dicebantur,
1054 575 1204 596 annuere

365 623 511 655 consilio
528 632 667 664 prorsus
683 619 801 656 noluit,
819 619 910 660 quod
928 617 1151 653 tractabatur,
1170 624 1206 647 ut

365 677 518 708 finiretur
542 685 658 707 rumor
681 673 773 714 belli,
798 672 888 703 unde
906 671 1002 712 prius
1018 671 1206 711 inceperat,

366 736 467 772 prout
483 729 584 761 etiarn
602 730 677 770 ipse
695 728 854 758 dominus
872 725 1077 757 Franciscus
1093 724 1206 765 ipsum

366 783 624 820 informaverat,
649 781 758 823 primo
777 790 876 821 quam
895 779 937 810 de
963 778 1079 810 Sacilo
1096 778 1208 808 disce-

367 837 476 868 deret.
523 836 583 867 Set
607 834 721 867 verbis
745 832 902 864 omnibus
919 832 1051 873 spretis,
1076 830 1208 862 delibe-

365 891 454 922 ravit
488 888 723 921 tantummodo
757 885 848 917 velle
881 895 943 926 per
978 892 1140 926 patavum
1175 889 1208 915 et

366 944 575 975 ferrariense
610 941 717 972 solum
753 939 889 971 navium
921 943 1137 980 transgressu
1171 937 1208 967 in

367 1003 587 1028 mantuanum
603 992 787 1035 proficisci.
812 990 890 1028 Que
906 992 987 1022 dum
1000 991 1112 1032 longis
1129 1000 1210 1021 con-

366 1050 450 1082 siliis
473 1055 507 1081 et
525 1046 742 1089 profectibus
759 1044 939 1087 protrahit,
957 1044 1115 1075 dominus
1133 1043 1211 1074 dela

368 1104 471 1135 Scala
493 1100 665 1144 quandam
691 1100 827 1130 foveam
860 1097 949 1129 vallo
980 1097 1135 1128 fulcitam
1168 1097 1209 1127 ab

367 1155 514 1188 Hostilia
536 1153 624 1185 trahi
648 1152 732 1183 facit
754 1152 790 1182 in
814 1150 957 1187 Padum,
982 1160 1024 1181 ne
1049 1149 1210 1181 transitus

368 1209 410 1241 ab
435 1210 516 1240 inde
540 1206 700 1249 gentibus
726 1210 844 1246 pateat
873 1203 1105 1244 imperatoris,
1135 1202 1210 1245 qui-

367 1263 459 1294 nimo
483 1261 629 1293 transire
654 1259 745 1299 ipsos
768 1262 927 1299 oporteat
941 1267 1004 1298 per
1019 1257 1212 1298 oppositam

367 1314 512 1347 Eridani
535 1320 678 1355 partem,
701 1310 760 1343 ubi
788 1320 875 1351 opus
906 1309 972 1341 fuit
1003 1320 1106 1340 naves
1138 1308 1213 1350 plu-

368 1370 471 1399 rimas
495 1377 568 1398 esse
593 1376 637 1397 ex
668 1364 879 1396 hesitacione
913 1363 1049 1394 navium
1083 1362 1212 1393 domini

369 1419 594 1456 Bernabonis,
619 1428 685 1460 que
709 1427 751 1448 ex
775 1417 874 1447 ruina
902 1425 1026 1457 magna
1048 1426 1090 1447 ex
1114 1422 1213 1457 parte

369 1474 482 1516 pontis
506 1471 718 1514 Burgifortis
750 1480 858 1511 usque
890 1470 953 1501 sub
985 1470 1133 1502 Hostilia
1163 1470 1214 1500 di-

368 1531 577 1562 senuerant,
590 1524 707 1565 ibique
731 1523 793 1554 sub
818 1523 976 1554 custodia
1001 1522 1087 1553 muri
1111 1523 1214 1554 castri

368 1581 475 1622 ipsius
499 1578 678 1615 sedebant,
703 1587 932 1618 sepenumero
952 1577 1129 1608 transitum
1154 1587 1214 1618 per

370 1642 494 1666 terram
525 1633 705 1665 turbantes
740 1631 932 1673 aliquorum
965 1637 999 1662 et
1029 1631 1155 1671 sepius,
1187 1630 1214 1661 si

370 1689 445 1730 quis
470 1698 532 1729 per
556 1685 689 1717 Padum
720 1684 871 1725 experiri
901 1684 1083 1715 transitum
1108 1684 1213 1715 aude-

370 1741 437 1772 bat.
485 1740 583 1772 Sicut
607 1737 757 1780 predixi,
777 1737 901 1768 diebus
918 1743 1065 1779 quatuor
1083 1737 1117 1768 in
1140 1738 1214 1768 solo

370 1801 495 1836 patavo
520 1793 744 1833 consumptis,
770 1802 846 1823 cum
874 1791 1006 1833 magnis
1031 1791 1157 1823 civium
1182 1796 1216 1822 et

371 1848 534 1879 ruralium
560 1845 694 1877 damnis
717 1846 752 1876 in
777 1844 887 1875 bladis
916 1854 983 1875 non
1016 1844 1158 1876 maturis
1182 1851 1215 1875 et

370 1901 403 1931 in
420 1900 597 1942 palmitum
615 1898 794 1935 incisione,
808 1904 885 1939 post
901 1897 1118 1940 quatriduum
1143 1903 1216 1929 tan-

372 1955 450 1985 dem
474 1962 535 1994 per
560 1952 647 1983 viam
673 1950 880 1983 Castribaldi
904 1951 939 1982 in
966 1951 1074 1982 solum
1107 1951 1213 1982 ferra—

372 2008 484 2039 riense
507 2005 740 2048 pertransivit,
765 2010 799 2036 et
823 2005 919 2046 quasi
943 2014 1052 2046 usque
1076 2005 1120 2036 ad
1145 2005 1216 2035 Ho-

371 2060 497 2092 stiliam
521 2058 692 2100 pervenit,
710 2058 767 2090 ubi
785 2057 918 2089 Padum
943 2059 1087 2089 transire
1104 2058 1215 2099 ipsum

372 2113 534 2155 oportuit,
559 2112 719 2154 quoniam
744 2111 847 2142 fovea
871 2112 913 2142 ab
932 2111 1077 2142 Hostilia
1101 2111 1133 2141 in
1151 2110 1216 2142 Pa-

373 2167 453 2199 dum
479 2166 588 2207 ipsum
613 2170 788 2206 protracta
817 2164 960 2195 ulterius
992 2165 1074 2195 inde
1103 2164 1214 2205 ipsum

372 2218 537 2262 progredi
551 2219 766 2260 prohibebat.
799 2217 858 2249 Set
874 2229 950 2249 cum
969 2218 1105 2249 demum
1119 2218 1216 2249 iuxta

372 2273 541 2304 seraleum
566 2281 642 2302 cum
667 2270 813 2302 mirabili
830 2277 1038 2302 armatorum
1056 2271 1216 2302 comitiva

373 2327 535 2364 venisset,
559 2325 614 2356 ubi
640 2335 722 2366 gens
740 2324 866 2355 domini
885 2324 1096 2356 Bernabonis
1113 2325 1216 2355 fovea

375 2386 409 2411 et
431 2379 522 2411 vallo
546 2388 581 2409 se
606 2378 728 2408 fortem
754 2378 898 2415 fecerat,
916 2376 1139 2409 credentibus
1162 2377 1218 2408 fir-

374 2434 476 2464 miter
499 2431 656 2463 omnibus
682 2437 803 2471 gentes
819 2431 925 2472 ipsius
941 2431 1071 2463 domini
1087 2431 1218 2463 Berna-

374 2486 474 2517 bonis
496 2491 547 2517 tot
577 2490 785 2516 armatorum
816 2494 885 2516 non
917 2490 1103 2527 expectare
1134 2496 1217 2517 con-

375 2549 537 2581 gressum,
561 2538 724 2580 factoque
748 2539 795 2570 ibi
818 2549 881 2581 per
904 2546 1026 2582 gentes
1050 2538 1139 2580 ipsas
1157 2539 1218 2570 ali-

376 2592 467 2634 quali
484 2592 621 2628 insultu,
638 2601 723 2633 gens
748 2593 820 2632 ipsa
841 2593 973 2625 domini
999 2591 1218 2625 Bernabonis

376 2643 429 2674 his
453 2643 596 2674 viriliter
627 2644 771 2683 obstitit,
796 2646 877 2677 dato
901 2646 995 2688 quod
1021 2646 1115 2678 locus
1138 2656 1218 2677 nec-

377 2697 457 2727 dum
481 2697 569 2728 adeo
585 2697 699 2728 factus
716 2704 809 2729 tutus
826 2706 910 2731 erat.
950 2699 1057 2737 Quod
1080 2698 1108 2730 si
1131 2709 1219 2741 gen-

377 2755 426 2780 tes
449 2750 522 2790 ipse
547 2750 656 2791 ipsum
681 2751 813 2782 virilius
841 2758 1106 2794 expugnassent,
1131 2762 1218 2794 gens

376 2802 452 2843 ipsa
483 2803 624 2843 viperea
654 2805 843 2835 secundum
869 2811 1087 2846 expectasset
1109 2804 1217 2836 insul-

377 2860 459 2892 tum,
475 2855 532 2897 qui
550 2856 668 2887 horum
686 2856 758 2888 visa
783 2857 920 2889 molicie
948 2858 1044 2901 quasi
1068 2857 1218 2890 feminea

472 2975 508 2999 16.
534 2975 678 2999 Hostialia
697 2977 734 3000 M

1276 826 1314 857 10

1277 1091 1313 1122 15

1277 1357 1318 1387 20

1279 1620 1318 1652 25

1280 1887 1320 1918 30

1282 2153 1321 2184 35

1282 2420 1322 2450 40

1282 2684 1321 2715 45

711 204 885 241 GESTA
912 202 1215 239 MAGNIFICA
1245 200 1433 236 DOMUS
1463 197 1854 234 CARRARIENSIS

1684 330 1828 363 REDAZ.
1852 330 1884 360 D

1363 404 1406 434 da
1430 403 1588 440 Carrara,
1617 408 1649 433 et
1679 403 1703 433 li
1737 402 1822 433 altro
1855 402 1882 432 si
1908 400 2130 441 l’imperador
2161 400 2208 431 fe'

1363 455 1496 487 indusia
1521 456 1564 488 de
1589 456 1648 496 piu
1673 455 1717 492 di,
1743 455 1893 497 digando
1919 455 1984 485 che
2007 453 2072 484 ello
2089 463 2210 494 aspec-

1364 515 1442 540 tava
1467 510 1495 540 01
1523 509 1607 540 duse
1633 510 1676 540 de
1702 508 1873 545 Ostorico,
1893 508 1924 538 el
1944 507 2024 548 qual
2043 506 2075 538 01
2099 507 2210 537 dovea

1366 563 1482 604 seguir
1518 572 1582 593 con
1619 573 1686 594 una
1722 571 1806 603 gran
1845 561 2062 602 compagnia.
2110 560 2152 591 Et
2189 560 2210 590 1³1

1366 616 1503 647 habudo
1528 616 1619 646 utele
1644 622 1678 646 et
1701 615 1767 646 bon
1793 614 1933 646 conseio
1957 623 2057 645 sovra
2083 614 2114 644 el
2131 623 2210 654 pas-

1366 680 1422 700 sar
1442 669 1502 700 del
1529 669 1622 700 dicto
1653 668 1860 709 imperador,
1892 668 1932 710 co
1956 667 1982 698 si
2014 667 2032 698 ὲ
2065 667 2129 698 che
2154 667 2211 697 del

1367 730 1484 754 terren
1504 733 1618 764 pavan
1635 722 1667 752 el
1684 732 1837 763 passasse
1861 722 1912 753 sul
1937 721 2076 753 visintin
2101 726 2136 752 et
2155 721 2211 752 del

1367 777 1503 808 visintin
1522 786 1600 806 suso
1617 776 1648 806 el
1665 785 1843 812 veronese,
1861 786 1924 816 per
1948 775 2095 816 complir
2115 775 2212 816 quel-

1369 830 1414 868 lo,
1438 830 1502 862 che
1537 829 1603 860 0110
1636 829 1731 860 disea
1755 828 1799 860 de
1832 828 1926 867 volet
1949 829 2036 865 fare,
2059 838 2115 859 ma
2147 828 2212 859 ello

1369 894 1413 915 no
1437 883 1531 915 volse
1547 890 1618 914 star
1635 893 1654 912 a
1672 888 1793 924 questo
1810 883 1962 917 conseio‚
1987 882 2052 912 che
2068 892 2104 912 se
2122 886 2213 912 trac-

1368 944 1457 974 tava,
1480 936 1611 979 acoche
1644 936 1675 967 el
1699 945 1817 967 rumor
1839 935 1918 966 dela
1943 945 2066 975 guerra
2090 934 2214 967 finisse.

1369 991 1458 1022 onde
1483 990 1551 1021 ello
1576 1000 1636 1020 era
1659 989 1834 1031 comeneh,
1865 994 1901 1020 et
1929 987 2082 1020 etiandio
2114 997 2213 1018 como

1369 1045 1402 1075 lo
1426 1045 1537 1074 havea
1562 1043 1592 1074 el
1618 1044 1736 1084 signor
1759 1043 1884 1074 mesier
1909 1043 2105 1073 Francesco
2131 1051 2212 1072 con-

1370 1098 1501 1135 seiado,
1520 1098 1630 1138 prima
1648 1097 1712 1128 che
1729 1095 1797 1127 ello
1815 1106 1850 1126 se
1869 1096 2014 1136 partisse
2029 1095 2073 1125 da
2086 1093 2213 1126 Sacile.

1371 1151 1431 1183 Ma
1455 1149 1668 1192 desprisiade
1693 1156 1777 1181 tutte
1809 1149 1841 1180 le
1874 1150 1960 1180 altre
1992 1147 2123 1189 parole,
2147 1147 2215 1178 ello

1370 1216 1407 1236 se
1431 1204 1588 1236 delibero
1613 1204 1710 1235 voler
1741 1213 1859 1244 passar
1884 1212 1945 1243 per
1976 1201 2009 1233 10
2041 1210 2156 1242 pavan
2181 1205 2215 1232 et

1372 1269 1434 1300 per
1459 1260 1490 1290 lo
1516 1257 1712 1298 ferra[re]se
1737 1263 1771 1288 et
1793 1255 1849 1297 po'
1869 1266 1932 1297 per
1955 1264 2043 1286 nave
2066 1255 2214 1285 andarse

1372 1312 1423 1344 sul
1451 1318 1625 1342 mantoan.
1673 1310 1723 1341 Le
1754 1309 1833 1350 qual
1865 1308 2215 1349 coseprolougando

1372 1363 1593 1407 i’imperador
1617 1374 1683 1396 con
1708 1374 1745 1394 so
1777 1363 1895 1395 consei
1928 1368 1961 1393 et
1994 1361 2156 1404 ‚cot-nude,
2180 1361 2215 1392 in

1373 1425 1493 1460 questo
1518 1428 1614 1460 meco
1640 1418 1673 1448 el
1703 1417 1823 1459 signor
1853 1416 1945 1447 dalla
1973 1415 2075 1447 Scala
2100 1416 2136 1446 fa
2162 1415 2215 1446 far

1374 1483 1440 1504 una
1465 1473 1557 1504 fossa
1581 1473 1624 1503 da
1649 1469 1769 1502 Hostia
1794 1472 1827 1501 in
1852 1469 1915 1508 Po,
1936 1475 1969 1501 et
1987 1476 2105 1510 questa
2123 1469 2215 1500 fossa

1373 1526 1409 1557 fa
1434 1526 1542 1557 fornir
1566 1526 1609 1556 da
1634 1525 1702 1556 bon
1726 1523 1861 1565 spaldo‚
1885 1523 2013 1566 apoche
2045 1523 2079 1554 la
2109 1529 2214 1565 gente

1375 1580 1417 1611 de
1441 1579 1662 1619 l’imperador
1685 1587 1730 1608 no
1759 1586 1915 1618 possesse
1945 1587 2064 1618 passar
2087 1587 2149 1618 per
2172 1577 2216 1608 de

1375 1632 1417 1668 la,
1449 1632 1527 1672 anci
1551 1631 1616 1662 che
1641 1630 1652 1660 i
1677 1640 1857 1672 convegna
1879 1640 1997 1671 passar
2020 1640 2083 1671 per
2106 1629 2218 1660 l’altra

1375 1691 1469 1726 parte
1494 1684 1537 1715 de
1562 1683 1624 1720 Po,
1649 1682 1680 1714 o’
1704 1684 1912 1714 iconvenne
1938 1694 2030 1714 esser
2054 1683 2158 1715 molt-e
2183 1689 2218 1714 et

1375 1737 1479 1769 molte
1504 1748 1591 1768 nave
1615 1747 1677 1778 per
1694 1736 1800 1768 dubio
1819 1737 1908 1768 delle
1933 1748 2019 1768 nave
2036 1737 2078 1768 de
2096 1736 2219 1768 mesier

1375 1790 1546 1827 Bernabb,
1570 1791 1601 1821 10
1626 1791 1726 1832 quale
1752 1801 1815 1831 per
1837 1791 1935 1821 ruina
1967 1791 2010 1822 de
2042 1802 2110 1822 una
2133 1800 2219 1833 gran

1376 1851 1473 1886 parte
1499 1844 1553 1875 del
1571 1851 1676 1885 ponte
1694 1845 1737 1875 de
1756 1844 1964 1886 Borgoforte
1981 1855 2039 1876 era
2057 1845 2218 1876 descorse

1376 1899 1450 1929 fina
1475 1897 1597 1928 Hostia
1622 1902 1656 1928 et
1680 1897 1701 1928 li
1726 1903 1860 1929 staseva
1885 1904 1982 1930 socto
2007 1897 2137 1939 guarda
2162 1897 2218 1929 del

1376 1962 1471 1982 muro
1497 1951 1553 1982 del
1578 1951 1732 1989 castello,
1756 1961 1873 1992 spesse
1892 1951 1939 1982 fia
1964 1961 2026 1992 per
2042 1957 2133 1982 terra
2151 1958 2220 1983 tur·-

1376 2004 1490 2036 bando
1518 2006 1549 2035 01
1574 2014 1674 2045 passo
1704 2004 1748 2035 ad
1780 2005 1906 2046 alguni,
1940 2011 1972 2036 et
2005 2006 2073 2036 cosi
2103 2015 2218 2046 spesse

1376 2058 1482 2094 volte,
1511 2068 1547 2088 se
1579 2058 1684 2097 algun
1715 2058 1856 2088 havesse
1888 2058 1995 2099 prova
2026 2059 2069 2089 de
2101 2069 2220 2100 paseat

1376 2121 1438 2151 per
1461 2109 1521 2142 Po.
1567 2110 1646 2142 Cosi
1670 2121 1732 2151 per
1755 2111 1788 2142 lo
1813 2111 1906 2142 dicto
1924 2112 2122 2152 imperador
2138 2123 2219 2144 con-

1375 2164 1510 2194 sumadi
1535 2163 1570 2195 di
1594 2170 1717 2206 quatro
1742 2165 1793 2195 sul
1818 2170 1934 2195 terren
1958 2164 2001 2196 de
2027 2165 2122 2197 Pava
2153 2176 2220 2197 con

1375 2227 1461 2259 gran
1486 2219 1611 2248 damno
1637 2217 1670 2248 di
1696 2217 1842 2249 citadini
1868 2224 1902 2249 et
1926 2219 1983 2250 dei
2005 2219 2109 2251 omini
2128 2219 2219 2252 dalle

1377 2270 1455 2301 ville
1479 2271 1514 2301 in
1540 2271 1569 2301 le
1595 2270 1693 2302 biave
1720 2281 1762 2302 110
1787 2273 1940 2303 anchora
1964 2275 2107 2305 madure
2133 2281 2165 2306 et
2184 2276 2219 2306 in

1375 2323 1408 2354 10
1424 2324 1509 2354 taiar
1522 2323 1555 2354 di
1571 2324 1741 2365 pampani,
1756 2335 1818 2365 per
1830 2326 1860 2356 la
1878 2327 1929 2356 via
1943 2327 1985 2357 de
1999 2326 2220 2360 Castelbaldo

1375 2377 1442 2407 ello
1468 2377 1568 2418 passo
1593 2378 1627 2408 in
1656 2378 1828 2410 ferrarese
1852 2386 1886 2410 et
1904 2390 2014 2411 venne
2032 2382 2129 2422 quasi
2147 2382 2220 2413 fina

1376 2429 1420 2461 ad
1446 2430 1575 2467 Hostia,
1590 2437 1622 2462 et
1642 2432 1661 2461 li
1679 2441 1856 2463 couvenne
1879 2443 1997 2473 passar
2014 2432 2074 2468 Po.
2091 2435 2219 2476 perche

1375 2483 1408 2514 la
1426 2484 1516 2515 fossa
1533 2490 1640 2515 tracta
1657 2484 1700 2515 da
1719 2485 1838 2516 Hostia
1854 2486 1888 2516 in
1906 2485 1955 2518 Po
1980 2497 2023 2518 no
2040 2488 2071 2519 el
2089 2489 2222 2520 lassava

1376 2538 1486 2568 andar
1506 2538 1564 2578 piu
1597 2538 1706 2580 nasici.
1755 2538 1814 2570 Ma
1845 2550 1910 2580 pur
1934 2541 2000 2571 alle
2025 2541 2074 2572 fin
2099 2542 2219 2573 siando

1377 2591 1481 2632 vignu
1508 2591 1577 2622 sina
1602 2601 1718 2631 presso
1744 2593 1775 2623 el
1800 2593 1910 2624 seraio
1936 2603 2000 2625 con
2026 2604 2093 2625 una
2121 2595 2219 2626 innu-

1377 2644 1540 2674 merabile
1566 2645 1771 2687 compagnia
1799 2645 1843 2677 de
1869 2646 1996 2677 homini
2021 2647 2164 2685 armadi,
2189 2649 2221 2680 0’

1378 2698 1441 2728 che
1468 2698 1496 2729 le
1521 2706 1624 2739 gente
1651 2700 1693 2730 de
1718 2700 1842 2730 mesier
1867 2699 2024 2731 Ber-nabo
2048 2711 2083 2732 se
2109 2701 2219 2733 havea

1378 2751 1472 2782 facte
1498 2752 1586 2783 forte
1606 2754 1648 2784 de
1670 2754 1759 2784 fossa
1776 2759 1810 2784 et
1828 2754 1871 2784 de
1887 2753 2021 2794 spaldo,
2042 2754 2221 2786 credando

1377 2805 1452 2836 tutti
1488 2805 1713 2837 {ermamente
1745 2806 1809 2837 che
1836 2806 1866 2837 le
1891 2813 1995 2848 gente
2027 2806 2071 2837 de
2095 2808 2221 2838 mesier

1378 2858 1538 2890 Bernaba)
1562 2869 1606 2889 no
1631 2859 1774 2891 dovesse
1798 2867 1936 2901 spectat
1960 2861 1987 2891 si
2011 2862 2142 2903 grande
2167 2871 2222 2892 as-

1467 2983 1508 3007 25.
1529 2978 1592 3008 angi
1614 2977 1675 3008 che]
1697 2979 1785 3001 anche
1807 2979 1872 3001 PE
