2346 3597
39 729 71 757 10

38 954 69 981 15

32 1400 67 1426 25

32 1623 68 1650 30

28 1848 62 1875 35

29 2070 63 2096 40

24 2292 57 2319 45

21 2560 56 2586 50

21 2781 55 2807 55

454 155 626 191 GESTA
655 154 956 190 MAGNIFICA
986 155 1175 191 DOMUS
1205 154 1599 193 CARRARIENSIS
1881 162 1947 196 181

102 287 201 312 omnla
222 288 357 312 Albertus
377 287 541 319 Offreducil,
557 288 722 312 Leonardus
737 287 848 312 domini
870 288 1025 320 Albrigeti,
1045 288 1234 321 Menegacius,
1253 289 1375 313 Ioannes
1389 290 1424 314 de
1444 289 1529 321 Vivo,
1551 290 1744 322 Tardivellus,
1758 292 1951 324 Pasqualinus

100 334 128 356 et
147 331 285 356 Todisius
298 332 331 356 de
345 332 535 365 Curniglana,
549 333 743 364 unusquisque
757 332 786 355 in
802 333 902 361 totum,
917 333 1118 357 renunciantes
1133 333 1246 357 auxilio
1261 333 1383 365 epistole
1398 334 1460 357 divi
1477 334 1598 359 Adriani
1615 337 1641 359 et
1656 337 1732 359 omni
1748 338 1813 369 juri,
1829 339 1950 366 racioni,

99 376 204 408 quibus
229 384 256 400 se
276 378 349 401 tueri
371 378 497 409 possent,
517 384 551 401 eo
572 376 649 408 quod
669 383 728 400 non
749 379 865 408 possent
885 384 913 400 se
933 379 1016 406 tueri,
1034 379 1062 401 et
1083 378 1159 408 quod
1179 385 1230 410 pro
1251 378 1360 402 minore
1381 379 1606 407 intercesserint,
1627 382 1659 403 ut
1679 381 1735 412 ipsi
1759 382 1951 406 nihilominus

102 423 262 451 teneantur,
282 423 412 452 quamvis
432 422 490 453 ipsi
511 423 627 453 possent
647 428 675 444 se
695 422 767 444 tueri
789 422 941 445 occasione
961 423 1084 445 minoris
1104 423 1188 446 etatis
1210 422 1253 446 vel
1273 423 1341 451 alia,
1361 424 1388 446 et
1408 425 1439 446 ut
1460 423 1574 454 possint
1595 431 1650 448 una
1672 426 1732 449 vice
1753 426 1796 449 vel
1817 427 1950 457 pluribus

102 465 251 494 arbitrare,
270 465 398 497 diffinire,
411 468 439 490 et
452 466 685 497 quandocumque
705 465 860 494 voluerint,
881 466 1010 497 partibus
1025 467 1187 490 absentibus
1203 467 1247 490 vel
1262 467 1451 498 presentibus.
1476 468 1511 491 Et
1531 469 1572 492 sic
1588 469 1681 492 dictus
1695 469 1829 494 Albrieus
1843 472 1950 500 omnia,

101 511 132 534 ut
151 511 281 542 superius
301 510 416 543 legitur,
437 510 581 534 attendere
598 511 625 533 et
644 509 804 539 observare,
826 517 876 534 nec
896 511 1009 534 ratione
1030 512 1152 535 minoris
1173 512 1267 539 etatis,
1288 511 1332 535 vel
1348 511 1444 543 aliqua
1465 512 1522 536 alia
1537 514 1688 538 occasione
1702 516 1802 538 contra
1823 522 1881 539 non
1904 523 1948 540 ve-

103 556 166 578 nire
183 555 300 586 juravit.

190 642 244 666 Die
264 644 346 666 sexto
365 642 494 666 intrante
514 642 599 672 maio,
618 642 731 666 scilicet
750 643 797 666 dle
816 643 923 672 eodem,
944 646 972 667 et
992 645 1021 667 in
1042 644 1189 674 presencia
1209 644 1321 668 domini
1346 644 1465 669 Henrici
1484 647 1512 669 et
1532 645 1651 670 Widoni
1677 647 1773 670 Barati
1795 649 1948 672 canonico·

101 694 172 715 rum,
192 687 305 710 Alberti
326 686 359 711 de
379 686 542 715 Ufreducio,
562 686 705 711 Leonardi
727 687 837 711 domini
859 688 1014 720 Aibrigeti,
1034 687 1196 717 Licanoris,
1217 688 1365 712 Gabrielis
1389 689 1420 713 de
1447 689 1566 718 Trento,
1587 690 1755 722 Menegacii,
1776 691 1894 715 Ioannis
1915 693 1948 716 de

102 733 185 763 Vivo,
206 732 367 756 Tardivelli
388 732 422 756 de
440 731 593 756 Senadusii
613 734 641 755 et
660 732 777 763 Pasque,
798 732 917 756 fratrum
937 732 971 756 de
990 732 1180 764 Curnigiana,
1201 732 1331 757 iacobini
1352 733 1503 764 hiissiarii,
1524 735 1641 765 notarii,
1660 735 1789 767 Iacopini
1817 736 1850 760 de
1869 736 1950 761 Sace-

100 777 153 805 rio,
173 776 304 801 Taurelli
322 776 355 800 de
374 776 537 807 Ramberto,
559 776 680 800 Gerardi
700 776 733 800 de
754 775 880 801 Caurola
900 777 928 800 et
941 777 1065 800 aliorum
1079 777 1244 801 multorum.
1276 778 1419 802 Dominus
1435 778 1563 810 Rogatus
1578 779 1671 807 iudex,
1686 780 1822 811 parabola
1836 780 1948 805 domini

100 821 245 845 Schinelle
264 823 292 845 et
310 821 351 845 ibi
371 821 406 845 ab
426 828 460 845 eo
480 821 546 845 data
566 828 617 852 pro
638 821 756 845 domino
775 820 923 845 Schinella
942 822 970 845 et
990 828 1042 853 pro
1063 828 1099 850 se,
1119 822 1160 845 sic
1181 822 1336 845 arbitratus
1356 822 1421 850 suit,
1441 825 1649 854 pronunciavit
1674 826 1701 848 et
1722 825 1803 849 dixit.
1840 825 1872 849 In
1900 834 1948 849 no·

101 867 178 890 mine
189 866 318 894 Domini,
331 873 383 890 nos
396 865 542 890 Schinella
556 867 584 889 et
595 865 724 897 Rogatus
737 866 822 899 judex
837 866 1008 890 arbitramur
1022 867 1049 889 et
1062 867 1288 897 pronuncIamus
1304 868 1330 891 et
1344 867 1467 891 dicimus
1480 869 1508 892 et
1523 869 1705 900 precipimus,
1720 870 1794 900 quod
1809 870 1944 894 Albricus

99 912 157 936 Leo
178 911 212 935 de
231 911 366 936 Carraria
385 910 484 934 debeat
503 911 606 935 habere
626 919 677 942 pro
697 918 746 935 sua
766 913 854 943 parte,
869 913 896 935 et
912 918 971 935 esse
985 912 1137 935 contentus
1153 913 1182 934 in
1197 919 1237 940 ea,
1250 911 1431 935 Pernumiam
1448 920 1509 936 cum
1524 914 1585 937 tota
1599 920 1648 937 sua
1662 914 1742 938 curia
1755 916 1783 938 et
1797 915 1946 939 territorio

100 958 128 981 et
147 956 286 980 comitatu
305 956 332 979 et
352 955 496 985 districtu,
516 957 543 979 et
563 963 646 980 omne
665 956 741 986 quod
755 956 812 987 ipsi
826 956 859 979 de
873 954 1007 980 Carraria
1020 955 1127 979 habent
1141 955 1175 979 ad
1189 963 1252 979 suas
1267 963 1375 984 manus,
1396 957 1440 980 vel
1455 956 1507 980 alii
1523 958 1622 981 tenent
1642 965 1693 990 pro
1707 959 1748 982 eis
1763 966 1812 990 per
1832 959 1946 983 feudum

99 1001 145 1025 vel
164 1000 296 1025 livellum
318 1000 361 1024 vel
382 1001 441 1024 alio
461 1007 638 1031 quocumque
658 1000 758 1028 modo:
780 1002 807 1024 et
825 1002 920 1025 toturn
941 1000 1016 1032 quod
1037 1001 1093 1032 ipsi
1112 1000 1218 1024 habent
1239 1001 1269 1023 in
1289 999 1424 1024 Solesino
1451 1003 1478 1025 et
1503 1001 1650 1032 Scodosia,
1678 1003 1734 1034 ipsi
1754 1003 1797 1027 vel
1819 1004 1871 1027 alii
1893 1011 1944 1037 pro

98 1047 148 1074 eis,
167 1045 282 1078 Agnam
301 1052 363 1068 cum
383 1047 445 1069 tota
465 1052 515 1069 sua
533 1046 614 1069 curia
633 1046 660 1069 et
679 1045 831 1069 territorio
851 1047 879 1068 et
899 1045 1097 1077 pertinenciis,
1118 1045 1230 1069 seilicet
1249 1052 1312 1068 cum
1333 1044 1420 1069 Cesso
1435 1048 1462 1069 et
1476 1046 1630 1076 Albareda,
1650 1049 1678 1072 et
1691 1048 1766 1078 quod
1786 1048 1891 1072 habent
1912 1049 1946 1073 ad

98 1097 163 1114 suas
182 1097 282 1114 manus
303 1089 347 1113 vel
367 1089 419 1114 alii
440 1097 492 1122 pro
511 1091 552 1113 eIs
572 1096 621 1120 per
643 1089 755 1113 feudum
776 1089 821 1113 vel
842 1089 901 1113 alio
922 1089 1021 1118 modo;
1036 1091 1063 1113 et
1082 1091 1176 1113 totum
1197 1090 1272 1120 quod
1292 1090 1351 1121 ipsi
1371 1091 1404 1114 de
1424 1090 1557 1116 Carraria
1578 1092 1684 1116 habent
1703 1093 1747 1116 vel
1769 1093 1821 1117 alii
1835 1101 1886 1125 pro
1906 1095 1946 1118 eis

100 1137 129 1159 in
150 1135 332 1167 Bredepalea,
353 1136 383 1158 in
404 1134 505 1158 Casale
520 1136 548 1158 et
567 1134 597 1157 in
618 1133 747 1157 Runchis
768 1134 801 1157 de
821 1132 931 1163 Casale,
951 1135 978 1158 et
999 1134 1028 1157 in
1049 1134 1259 1163 Patriarchat'u,
1280 1135 1325 1158 vei
1347 1136 1376 1158 in
1396 1137 1457 1159 eius
1471 1136 1558 1160 curiis
1573 1138 1600 1160 et
1614 1137 1772 1161 territoriis
1792 1138 1944 1170 predictis,

99 1182 126 1204 et
145 1180 174 1204 id
193 1179 270 1211 quod
289 1179 411 1211 Egidius
430 1177 610 1210 Semajacane
629 1178 714 1201 habet
734 1179 765 1202 in
786 1177 924 1209 Tribano,
947 1178 990 1202 vel
1010 1179 1062 1202 alii
1082 1186 1134 1210 pro
1154 1187 1195 1209 eo,
1218 1180 1262 1202 vel
1284 1179 1314 1203 in
1335 1181 1395 1203 eius
1415 1181 1580 1209 territorio;
1600 1183 1627 1205 et
1653 1182 1833 1206 medietatem
1855 1184 1945 1206 totius

98 1224 224 1257 poderis,
242 1223 319 1254 quod
338 1223 455 1246 domina
475 1222 603 1250 Mariam,
624 1229 721 1245 eorum
741 1222 816 1250 avia,
836 1222 922 1246 habet
940 1224 968 1246 et
988 1224 1066 1246 tenet
1086 1223 1130 1246 vel
1152 1223 1205 1246 alii
1225 1231 1276 1254 pro
1296 1230 1336 1252 ea,
1356 1226 1476 1256 excepto
1495 1226 1572 1255 quod
1594 1233 1645 1256 pro
1659 1227 1755 1250 anima
1770 1233 1818 1250 sua
1837 1227 1946 1259 judica-

97 1269 172 1292 verit
191 1269 252 1291 sine
274 1267 380 1297 fraude,
403 1268 514 1290 retento
534 1266 684 1290 usufructo
705 1268 734 1290 in
756 1266 817 1290 vita
831 1274 895 1295 sua:
910 1268 936 1290 et
957 1268 1136 1291 medietatem
1151 1268 1279 1291 omnium
1296 1269 1494 1297 vassallorum,
1514 1277 1583 1300 quos
1598 1269 1712 1299 habent,
1726 1271 1852 1302 exceptis
1873 1271 1944 1300 illis,

99 1314 147 1344 qui
168 1312 302 1336 habitant
327 1311 358 1335 in
384 1312 469 1335 terris
494 1310 564 1339 illiS,
584 1317 637 1341 que
660 1312 727 1335 sunt
752 1311 783 1334 in
810 1313 918 1343 partem
944 1311 1041 1335 Iacobi
1068 1312 1095 1335 et
1121 1312 1269 1336 Albertini
1296 1313 1325 1336 in
1353 1311 1495 1342 Carraria,
1522 1314 1718 1345 Anguillaria,
1744 1315 1890 1347 Bagnolis,
1916 1317 1944 1340 et

97 1357 227 1382 Cartura.
248 1357 353 1381 Omnes
365 1355 507 1386 masnade,
523 1363 575 1387 que
590 1358 731 1380 venerunt
744 1356 774 1380 in
790 1358 870 1388 parte
883 1357 960 1380 Petri
976 1355 1103 1381 Comitis
1117 1357 1162 1381 vel
1175 1357 1305 1386 Albrico,
1322 1358 1382 1382 eius
1397 1357 1466 1387 filio,
1486 1359 1611 1382 eiusdem
1624 1358 1736 1384 Albrlci
1751 1367 1810 1384 esse
1824 1361 1944 1385 debeant

99 1404 127 1426 et
149 1402 218 1426 sint.

185 1446 221 1469 Et
241 1445 270 1469 in
292 1447 400 1477 partem
421 1445 532 1469 domini
554 1445 650 1468 Iacobi
671 1448 698 1469 et
718 1445 875 1474 Albertini,
895 1444 936 1469 sui
959 1446 1066 1474 fratris,
1086 1446 1260 1470 arbitramur
1273 1447 1301 1470 et
1314 1448 1538 1478 pronunciamus
1553 1449 1580 1472 et
1594 1448 1716 1472 dicimus
1730 1450 1756 1472 et
1770 1449 1943 1481 precipimus

97 1490 259 1515 Carrariam
279 1497 342 1514 cum
361 1491 424 1513 tota
444 1496 493 1513 sua
513 1490 593 1513 curia
611 1491 639 1513 et
658 1490 807 1514 territorio
828 1492 856 1514 et
876 1490 905 1513 id
926 1490 1001 1521 quod
1022 1491 1077 1521 ipsi
1099 1491 1210 1514 domini
1231 1492 1264 1515 de
1284 1490 1417 1516 Carraria
1436 1492 1541 1516 habent
1560 1493 1594 1516 ad
1615 1499 1678 1516 suas
1698 1500 1806 1521 manus,
1825 1494 1870 1518 vel
1890 1495 1943 1518 alii

97 1537 196 1560 tenent
216 1542 266 1566 pro
285 1535 326 1558 eis
346 1542 395 1567 per
415 1534 537 1562 feudum,
559 1535 603 1558 vel
625 1534 765 1565 livellum,
787 1535 832 1558 vel
852 1534 911 1558 alio
933 1542 1109 1566 quocumque
1123 1535 1226 1564 mod03
1241 1537 1268 1559 et
1282 1536 1499 1567 Anguillariam
1519 1545 1581 1561 cum
1600 1539 1661 1562 tota
1680 1545 1730 1562 sua
1750 1539 1828 1562 curia
1847 1541 1875 1562 et
1889 1540 1941 1563 ter-

97 1580 205 1604 ritorio
224 1581 252 1603 et
272 1579 301 1602 id
320 1579 397 1610 quod
423 1579 480 1610 ipsi
505 1578 611 1602 habent
636 1579 668 1602 in
688 1586 719 1602 ea
740 1579 784 1602 vel
807 1579 859 1602 alii
881 1587 932 1611 pro
952 1581 993 1603 eis
1013 1586 1062 1610 per
1082 1579 1206 1610 feudum,
1227 1581 1272 1603 vel
1292 1580 1434 1609 livellum,
1454 1582 1498 1605 vel
1520 1582 1579 1606 alio
1599 1589 1774 1613 quocumque
1794 1583 1893 1612 modo;
1914 1586 1942 1608 et

99 1625 128 1649 id
147 1624 223 1656 quod
241 1624 346 1648 habent
367 1625 396 1648 in
417 1622 540 1648 Cartura
555 1623 600 1647 vei
621 1623 675 1648 alii
694 1625 793 1647 tenent
806 1631 858 1655 pro
879 1625 929 1651 eis,
951 1624 994 1647 vel
1015 1625 1075 1648 allo
1095 1631 1271 1656 quocumque
1285 1626 1384 1654 modo·,
1402 1627 1429 1649 et
1443 1626 1625 1650 medietatem
1639 1633 1690 1658 pro
1703 1627 1833 1651 indiviso
1848 1629 1941 1652 tocius

95 1670 221 1703 poderis,
240 1669 315 1700 quod
335 1668 452 1692 domina
472 1669 563 1692 Maria
581 1668 666 1692 habet
685 1669 712 1692 et
732 1669 810 1692 tenet
830 1668 874 1692 vel
889 1668 941 1692 alii
956 1676 1007 1700 pro
1023 1676 1063 1697 ea,
1083 1670 1198 1700 excepto
1213 1669 1288 1700 quod
1308 1677 1361 1701 pro
1376 1671 1471 1694 anima
1485 1678 1535 1694 sua
1557 1671 1731 1703 judicaverit
1751 1672 1812 1696 sine
1832 1672 1941 1703 fraude,

96 1716 208 1738 retento
229 1714 258 1737 in
279 1720 307 1737 se
326 1712 475 1737 usufructu
496 1714 525 1736 in
545 1712 606 1736 vita
625 1719 690 1742 sua;
705 1714 733 1736 et
747 1712 929 1737 medietatem
949 1713 1077 1737 omnium
1098 1713 1281 1742 vasallorum,
1300 1721 1370 1745 quos
1391 1714 1506 1745 habent,
1526 1717 1653 1747 exceptis
1668 1716 1739 1746 illis,
1752 1724 1820 1747 quos
1835 1717 1940 1741 habent

95 1760 126 1784 in
147 1760 240 1788 terris,
260 1766 312 1790 que
332 1760 399 1782 sunt
418 1758 449 1782 in
469 1759 549 1790 parte
568 1758 679 1782 Albrici
701 1757 816 1786 Leonis,
836 1758 947 1782 scilicet
967 1759 997 1782 in
1017 1758 1178 1790 Pernumia,
1200 1764 1284 1790 Agna
1303 1760 1331 1783 et
1352 1760 1523 1792 Bredepalea
1543 1762 1570 1785 et
1590 1761 1704 1785 Casalle
1717 1763 1745 1785 et
1758 1761 1887 1786 Runchis
1907 1763 1940 1787 de

95 1804 210 1830 Casalle
228 1805 256 1828 et
275 1803 476 1827 Patriarchatu
495 1804 522 1826 et
542 1802 676 1826 Solesino
696 1804 724 1826 et
743 1802 905 1831 Scodossia,
925 1804 953 1826 et
974 1810 1080 1833 omneS,
1099 1803 1148 1834 qui
1169 1805 1306 1827 venerunt
1326 1804 1355 1827 in
1377 1806 1486 1836 partem
1506 1805 1626 1837 (io-mino
1652 1806 1785 1830 Marsilio
1807 1807 1850 1830 vel
1870 1807 1939 1831 filiis

93 1850 162 1877 eius,
182 1848 294 1872 scilicet
311 1847 417 1872 Iacobo
435 1849 464 1871 et
484 1847 645 1876 Albertino,
661 1854 758 1871 eorum
772 1855 830 1871 esse
851 1846 954 1871 debent
972 1849 1000 1871 et
1019 1849 1087 1872 zint.
1125 1847 1160 1871 Et
1180 1848 1202 1871 si
1224 1849 1366 1878 masnade,
1380 1855 1432 1880 que
1446 1851 1512 1874 sunt
1533 1851 1562 1873 in
1577 1852 1685 1881 partem
1700 1851 1822 1882 Albrici,
1835 1852 1940 1876 habent

94 1896 125 1918 in
145 1894 240 1924 terris,
259 1900 311 1924 que
330 1894 397 1917 sunt
417 1893 447 1916 in
461 1894 571 1924 partem
584 1891 680 1916 Iacobi
701 1894 728 1916 et
742 1892 898 1924 Albertini,
919 1893 979 1916 sint
998 1892 1096 1917 Iacobi
1116 1895 1143 1916 et
1163 1893 1319 1923 AIbertini,
1339 1895 1458 1926 excepto
1478 1895 1585 1919 mobile
1605 1896 1632 1919 et
1651 1902 1680 1919 se
1700 1898 1848 1927 moventeg
1866 1898 1894 1921 et
1914 1897 1939 1921 si

95 1939 236 1968 masnade,
255 1945 307 1969 que
327 1938 394 1962 sunt
414 1937 444 1961 in
465 1943 575 1970 partem
594 1937 691 1961 Iacobi
712 1939 740 1961 et
753 1937 911 1967 Albertini,
926 1937 1031 1962 habent
1045 1939 1075 1961 in
1095 1938 1188 1968 terris,
1209 1945 1263 1969 que
1277 1940 1417 1963 venerunt
1435 1939 1466 1962 in
1488 1941 1596 1971 partem
1616 1940 1738 1970 Albi-ici,
1758 1941 1862 1965 debent
1880 1948 1939 1965 esse

93 1983 166 2008 dicti
185 1982 307 2012 Albrici,
325 1983 446 2014 excepto
466 1981 572 2006 mobile
591 1983 619 2005 et
639 1989 667 2006 se
687 1983 833 2011 movente;
852 1984 880 2005 et
900 1982 933 2006 de
953 1982 1021 2006 aliis
1040 1982 1194 2011 masnadis,
1214 1990 1266 2014 que
1292 1983 1407 2007 suerunt
1433 1982 1590 2015 Ugutionis
1616 1986 1644 2009 et
1664 1985 1820 2015 Bonifacii,
1840 1985 1884 2009 vel
1905 1986 1938 2010 de

92 2028 170 2058 aliis,
188 2027 214 2051 si
233 2034 285 2058 que
305 2028 380 2055 sunt,
400 2034 453 2057 que
473 2034 530 2050 non
551 2028 618 2050 sunt
635 2026 736 2056 divise,
757 2027 911 2050 retinemus
930 2027 961 2050 in
982 2027 1074 2056 nobis,
1096 2028 1136 2051 ita
1155 2027 1230 2058 quod
1251 2029 1395 2059 possimus
1415 2035 1461 2052 eas
1481 2028 1619 2060 dividere,
1640 2036 1818 2061 quocumque
1840 2030 1937 2054 volue-

94 2072 190 2100 rimus,
209 2072 267 2095 tam
289 2071 318 2094 in
339 2071 482 2102 presentia
503 2071 609 2094 civium
630 2078 710 2102 quan:
735 2071 764 2094 in
785 2071 927 2095 absencia.
966 2071 1000 2094 Et
1020 2071 1142 2095 dicimus
1161 2073 1189 2095 et
1209 2073 1443 2103 pronunciamus,
1463 2073 1539 2104 quod
1560 2080 1656 2097 omnes
1677 2073 1766 2103 datas,
1781 2074 1870 2098 factas
1889 2082 1939 2106 per

91 2115 238 2140 dominum
259 2115 421 2139 Marsilium
442 2116 472 2139 in
493 2115 553 2139 eius
572 2114 647 2139 filios
667 2114 801 2139 Iacobum
815 2116 843 2139 et
857 2115 1041 2140 Albertinum
1055 2117 1083 2139 et
1096 2124 1146 2149 per
1160 2117 1273 2140 Petrum
1294 2116 1435 2140 Comitem
1456 2118 1483 2140 et
1503 2117 1651 2141 Albricum
1663 2119 1724 2141 eius
1738 2118 1827 2142 filium
1841 2121 1870 2143 et
1889 2126 1938 2151 per

90 2161 236 2184 domInam
255 2159 406 2183 Marietam
426 2167 523 2183 eorum
543 2160 647 2189 aviam,
667 2160 726 2183 sint
739 2159 817 2183 firme
831 2162 858 2184 et
872 2162 932 2184 rate
946 2162 973 2184 et
987 2161 1069 2184 nullo
1089 2161 1173 2184 modo
1193 2168 1241 2193 per
1260 2161 1419 2189 Albricum,
1432 2161 1565 2186 Iacobum
1580 2164 1607 2186 et
1621 2163 1804 2187 Albertinum
1824 2166 1938 2196 possint

91 2205 224 2237 infringi.
261 2204 289 2228 Si
311 2204 409 2235 aliqua
427 2203 494 2228 data
514 2203 560 2228 vel
580 2204 715 2228 daciones
736 2204 848 2228 occulte
867 2206 927 2228 sint
947 2205 1021 2229 facte
1041 2205 1085 2229 vel
1109 2206 1312 2235 fraudolenter,
1332 2213 1384 2236 que
1404 2213 1461 2230 non
1483 2206 1602 2230 debeant
1618 2207 1719 2237 valere,
1735 2208 1885 2232 retinendo
1907 2210 1936 2232 in

90 2250 184 2280 nobis,
203 2249 277 2280 quod
298 2249 440 2280 possimus
461 2249 492 2272 in
513 2248 574 2272 illis
594 2249 621 2272 et
640 2249 674 2272 de
693 2248 770 2277 aliis,
784 2250 808 2272 si
823 2249 987 2280 questiones
1009 2251 1083 2273 inter
1102 2250 1248 2282 predictos
1268 2251 1418 2279 erexerint,
1440 2251 1472 2274 de
1493 2258 1570 2274 novo
1588 2251 1681 2275 dicere
1701 2252 1745 2275 vel
1760 2251 1793 2275 de
1807 2253 1937 2283 partibus

89 2294 276 2326 interpretari
294 2300 351 2317 una
371 2294 434 2317 vice
454 2293 498 2317 vel
519 2293 657 2325 pluribus,
672 2293 802 2324 partibus
816 2294 994 2326 presentibus
1016 2295 1060 2318 vel
1081 2295 1254 2324 absentibus,
1273 2297 1300 2319 et
1321 2295 1353 2318 de
1374 2295 1476 2319 tutella
1490 2295 1603 2319 Albrici
1618 2296 1733 2325 Leonis,
1747 2304 1829 2327 quam
1848 2298 1937 2329 gessit

88 2340 223 2363 dominus
243 2337 399 2366 Marsilius,
420 2339 479 2362 sive
501 2338 588 2362 fuerit
607 2339 687 2362 tutor
700 2339 761 2363 sive
781 2345 846 2368 non,
860 2338 937 2370 quod
957 2339 1050 2363 dictus
1064 2339 1200 2363 Albricus
1215 2347 1272 2363 non
1294 2340 1393 2363 debeat
1413 2347 1462 2363 nec
1477 2340 1570 2371 possit
1589 2341 1727 2372 placitare
1741 2341 1785 2365 vel
1801 2342 1937 2374 impedire

88 2383 235 2407 dominum
255 2383 420 2406 Iacobinurn
441 2384 469 2407 et
488 2383 672 2407 Albertinum
696 2383 806 2412 fratres,
827 2383 978 2408 retinendo
993 2385 1023 2408 in
1042 2385 1125 2409 nobis
1139 2384 1173 2408 de
1188 2385 1263 2409 sacto
1276 2384 1393 2408 domine
1413 2385 1540 2415 Mariete,
1561 2385 1673 2409 scilicet
1686 2385 1777 2417 ipsam
1791 2386 1935 2410 dominam

88 2428 239 2452 Marietam
259 2428 287 2451 et
306 2426 456 2451 Albricum
476 2426 600 2451 Leonem
621 2427 653 2451 de
672 2428 751 2457 facto
771 2428 860 2453 tutele
879 2430 907 2453 et
927 2429 961 2453 de
980 2428 1087 2453 debito.

176 2516 211 2541 Et
230 2517 270 2540 sic
290 2516 320 2540 in
340 2516 467 2548 presenti
487 2516 527 2540 ibi
548 2516 666 2540 Iacobus
686 2518 713 2541 et
733 2517 912 2549 Alberffinus,
933 2518 993 2542 eius
1013 2518 1111 2549 frater,
1132 2519 1259 2542 fecerunt
1280 2518 1373 2543 datam
1394 2520 1421 2542 et
1435 2518 1637 2543 investituram
1658 2519 1778 2543 Albrico
1797 2518 1886 2544 Leoni
1902 2519 1935 2544 de

88 2562 166 2586 omni
187 2568 230 2591 eo,
249 2560 325 2592 quod
344 2561 371 2584 ei
391 2560 472 2584 venit
492 2561 521 2584 in
543 2562 660 2592 partem,
681 2562 741 2585 sive
760 2569 810 2593 per
830 2561 977 2586 dominum
991 2562 1165 2587 Schinellam
1187 2564 1214 2587 et
1228 2563 1369 2595 Rogatum
1383 2563 1505 2596 J'udIcem
1519 2563 1610 2587 eidem
1626 2563 1747 2588 Albrico
1757 2564 1933 2596 assignatum

86 2606 151 2635 fuit,
171 2607 200 2630 et
218 2606 245 2630 ei
265 2605 413 2634 dederunt,
433 2607 586 2636 cesserunt,
607 2606 797 2636 tradiderunt,
817 2607 1027 2632 mandaverunt
1047 2608 1137 2631 eidem
1159 2608 1278 2631 Albrico
1298 2615 1381 2631 omne
1400 2609 1453 2640 jus,
1474 2608 1615 2637 acciones,
1638 2610 1665 2632 et
1692 2610 1821 2632 raciones
1846 2609 1936 2633 reales

86 2652 114 2675 et
132 2650 305 2683 personales,
326 2650 401 2681 quod
421 2651 449 2674 et
468 2657 536 2681 quas
555 2650 696 2674 habebant
717 2651 759 2674 vel
776 2652 878 2675 habere
897 2654 1033 2683 poterant
1053 2653 1083 2677 in
1105 2653 1242 2684 predictis
1257 2653 1342 2675 terris
1356 2653 1417 2676 sive
1430 2653 1459 2675 in
1474 2653 1603 2684 predicta
1618 2655 1707 2684 parte,
1721 2661 1771 2683 que
1785 2653 1934 2685 assignata

85 2695 112 2719 ei
127 2695 190 2723 fuit,
205 2696 414 2719 constituentes
435 2701 498 2718 eum
517 2697 735 2727 procuratorem
755 2697 785 2719 ut
806 2696 835 2719 in
856 2703 916 2719 rem
935 2704 1023 2725 suam,
1038 2698 1069 2721 ut
1084 2698 1124 2721 ita
1146 2699 1237 2729 possit
1250 2704 1339 2728 agere,
1354 2697 1509 2720 convenire
1522 2698 1549 2720 et
1564 2697 1683 2725 causari,
1698 2697 1934 2728 quemadmodum

86 2739 141 2771 ipsi
162 2740 305 2771 poterant,
325 2741 353 2763 et
372 2740 588 2763 constituerunt
607 2747 670 2763 eum
691 2741 902 2772 procuratorem
923 2743 997 2765 utin
1014 2749 1070 2765 rem
1085 2749 1172 2765 suam.
1198 2742 1412 2769 Promittentes,
1432 2741 1570 2772 quicquid
1590 2741 1657 2765 inde
1672 2741 1780 2770 fecerit,
1795 2749 1822 2765 se
1836 2741 1931 2765 firmos

86 2785 114 2807 et
128 2785 205 2807 ratos
218 2784 378 2813 habituros,
388 2785 416 2807 et
436 2783 470 2808 de
489 2784 617 2817 predicta
637 2785 703 2809 data
724 2787 751 2809 et
771 2787 851 2817 parte
872 2792 900 2810 se
920 2788 1050 2817 precario
1071 2794 1122 2818 pro
1139 2793 1171 2810 eo
1193 2786 1336 2817 possidere
1355 2787 1577 2814 constituerunt,
1597 2785 1686 2810 donec
1700 2788 1829 2810 tenutam
1843 2787 1932 2811 intra-

175 2901 216 2927 29.
241 2897 263 2920 S
280 2898 401 2929 accoglie
422 2899 467 2921 nel
484 2901 551 2922 testo
570 2899 598 2923 la
617 2902 745 2930 seguente
760 2900 856 2931 glossa
871 2900 1040 2929 posteriore:
1060 2901 1087 2923 et
1107 2899 1136 2923 id
1157 2899 1229 2930 quod
1258 2899 1312 2931 Ipsi
1334 2899 1439 2923 habent
1465 2899 1494 2923 ln
1521 2898 1666 2930 Carraria,
1690 2906 1746 2923 non
1768 2899 1933 2924 admittitur

86 2940 143 2971 hic,
164 2940 211 2964 sed
238 2940 360 2965 inferius
