2346 3597
428 202 601 238 GESTA
630 200 939 237 MAGNIFICA
968 201 1156 236 DOMUS
1185 200 1579 237 CARRARIENSIS
1852 205 1918 239 161

170 336 199 366 5.
224 353 265 358 —-
289 334 520 366 Instrumento
551 332 629 366 dele
661 332 857 373 possession
889 332 976 363 sulle
1121 331 1151 363 5.
1175 350 1215 354 --
1240 332 1509 364 Instrumentum
1537 334 1790 375 possessionum
1823 346 1926 377 supra

51 418 57 425 ,
80 388 221 420 confine
246 389 290 419 de
310 387 508 425 Pernumia,
525 386 713 427 comprade
730 396 793 427 per
811 385 977 428 Henrigo,
1030 385 1178 417 confinio
1203 385 1387 417 Prenumie
1411 386 1482 428 (sic)
1509 392 1698 428 emptarum
1724 398 1786 429 per
1802 389 1927 420 Henri-

80 441 166 473 tiolo
184 442 227 474 de
244 441 375 473 Litolfo
392 442 437 472 da
452 441 610 478 Carrara,
627 439 671 471 da
688 439 803 471 donna
821 437 939 482 Acella
957 437 976 469 ¹.
1031 449 1120 476 cum,
1160 437 1270 469 filium
1314 438 1479 480 Litolphi,
1518 439 1561 470 ab
1600 438 1759 478 Ancella,
1797 442 1926 473 femina

1029 491 1204 533 quondam
1229 491 1367 523 Eusebi.

37 575 51 602 5
171 577 203 600 In
225 577 339 600 nomine
360 576 470 599 domini
491 574 543 598 Dei
565 575 664 598 eterni.
702 574 789 598 Anno
808 575 843 598 ab
864 576 1066 598 incarnacione
1085 574 1198 598 domini
1214 574 1308 598 nostri
1322 574 1417 598 Yhesu
1438 574 1545 599 Christi
1561 577 1626 607 post
1646 576 1800 600 millesimo
1815 584 1926 610 sexage-

83 622 155 646 simo
176 623 291 649 octavo,
310 620 433 645 secundo
453 619 508 643 kal.
528 619 632 647 iunias,
652 618 753 642 indict.
775 620 903 650 septima.
941 618 1063 643 Constat
1084 627 1125 642 me
1148 619 1245 650 Acella
1265 619 1380 647 semina,
1400 619 1459 642 filia
1479 620 1622 650 quondam
1649 618 1782 653 E[use]bi,
1803 622 1836 645 de
1862 622 1925 646 Ioco

84 667 242 696 Pernumia,
261 666 310 697 qui
330 665 457 696 professa
477 671 537 687 sum
558 664 619 695 lege
633 664 729 687 v1vere
743 663 840 692 salica,
854 666 881 688 et
896 664 992 693 michi,
1008 664 1088 688 cuius
1108 671 1192 695 supra
1206 663 1315 696 Acella‚
1335 664 1536 688 consentiente
1554 663 1673 694 Cadalo,
1688 665 1841 697 coniugale
1856 675 1925 694 meo,

83 711 232 742 accepisse,
251 710 336 734 sicuti
362 710 390 732 et
416 709 446 732 in
465 709 608 740 presentia
628 708 743 731 testium
764 708 882 739 accepit,
902 715 917 732 a
943 709 971 732 te
996 708 1130 737 Henrico,
1149 708 1210 731 filio
1230 707 1355 736 Litolso,
1381 708 1413 731 de
1440 708 1504 732 loco
1525 707 1659 732 Carraria
1680 710 1755 733 inter
1780 713 1926 742 argentum

83 756 110 779 et
128 754 201 778 alias
220 761 324 777 merces
344 753 471 777 valentes
489 759 577 783 usque
596 752 626 775 in
648 752 736 775 libras
755 754 877 783 quatuor
896 755 923 776 et
944 752 1064 775 mediam
1079 752 1262 775 denariorum
1279 752 1481 776 veronensium
1497 752 1609 776 finitum
1629 754 1756 784 precium
1777 761 1829 785 pro
1849 756 1928 786 pecia

22 797 54 824 10
84 807 140 823 una
160 798 192 822 de
210 800 287 822 terra
306 798 440 826 casaliva,
460 804 521 821 cum
541 804 604 820 casa
625 796 791 820 scandolata
811 804 893 829 super
913 804 940 820 se
959 797 1070 826 abente,
1088 797 1162 820 iuris
1181 797 1244 824 mei,
1271 797 1314 820 cui
1342 804 1426 828 supra
1451 797 1558 828 Acella,
1581 805 1650 828 quas
1675 805 1727 830 ego
1746 799 1846 822 habere
1866 800 1925 823 visa

83 851 143 868 sum
163 843 194 867 in
214 843 327 866 loco*et
348 842 436 866 fundo
456 841 607 865 Pernumia
627 843 654 865 et
675 842 705 864 in
726 841 797 869 loco,
817 842 864 872 qui
886 841 992 864 dicitur
1011 841 1175 868 Boveraria,
1196 842 1223 864 et
1244 841 1305 872 ipsa
1325 841 1521 873 suprascripta
1541 842 1621 873 pecia
1646 842 1679 866 de
1698 844 1772 867 terra
1792 844 1927 871 casaliva‚

83 895 145 913 cum
165 895 228 912 casa
248 887 413 912 scandolata
433 894 516 918 super
535 892 563 909 se
582 886 702 910 habente
722 893 771 918 per
792 892 950 909 mensuram
970 893 1019 916 per
1038 885 1156 916 longum
1177 884 1210 908 de
1230 885 1364 909 ambobus
1385 886 1521 910 lateribus
1535 887 1657 918 perticas
1670 888 1792 918 triginta
1806 890 1927 919 quatuor

83 934 111 957 et
130 932 213 964 pedes
233 932 336 960 decem,
356 931 390 955 de
406 931 542 955 ambobus
563 931 705 962 capitibus
726 931 849 962 perticas
874 931 996 960 quatuor
1021 931 1047 953 et
1074 930 1157 961 pedes
1177 930 1310 961 quinque,
1330 930 1465 954 coherent
1485 931 1512 955 ei
1532 931 1564 954 de
1584 939 1639 955 uno
1658 931 1747 956 latere
1766 933 1926 965 Boniverga

85 977 192 1001 femina
210 977 302 1005 habet,
322 976 355 1000 de
374 975 434 999 alio
455 976 542 999 latere
562 975 696 999 Albricus
715 975 808 1002 habet,
829 974 924 1005 ibique
944 975 1011 997 sunt
1030 974 1082 997 alii
1104 974 1276 998 coherentes.
1314 973 1375 1002 Que
1389 976 1480 999 autern
1495 977 1691 1008 suprascripta
1710 978 1791 1009 pecia
1805 978 1838 1001 de
1853 979 1925 1001 terra

21 1019 51 1046 15
83 1029 144 1046 cum
157 1027 222 1045 casa
235 1020 402 1044 scandolata
416 1027 499 1051 super
514 1026 541 1042 se
555 1019 676 1043 habente
689 1019 760 1043 iuris
774 1019 838 1048 mei,
851 1018 896 1041 cui
911 1025 996 1050 supra
1011 1018 1110 1049 Acella
1126 1019 1252 1050 superius
1267 1020 1425 1049 nominata,
1439 1026 1496 1043 una
1510 1028 1570 1044 cum
1584 1022 1746 1044 accessione
1757 1024 1784 1045 et
1798 1022 1926 1053 ingressu

84 1073 130 1090 seu
151 1073 213 1089 cum
233 1065 428 1098 superioribus
447 1065 475 1088 et
495 1063 681 1087 inferioribus
701 1064 769 1091 suiS,
788 1063 862 1086 sicut
881 1069 965 1094 supra
985 1070 1130 1086 mensuras
1151 1065 1178 1086 et
1199 1063 1381 1088 coherencias
1402 1064 1514 1096 legitur,
1536 1065 1566 1088 in
1593 1065 1736 1096 integrum
1757 1066 1789 1090 ab
1808 1066 1859 1090 hac
1879 1067 1925 1091 die

83 1111 146 1141 tibi,
168 1111 212 1134 cui
234 1116 318 1141 supra
342 1110 475 1137 Henrico,
500 1115 552 1140 pro
576 1108 771 1139 suprascripto
796 1108 893 1139 precio
914 1107 1015 1137 vendo,
1034 1108 1118 1131 trado
1137 1109 1164 1131 et
1185 1109 1328 1141 mancipo,
1349 1109 1422 1132 nulli
1441 1109 1492 1132 alii
1511 1110 1638 1140 vendita,
1657 1110 1773 1139 donata,
1791 1111 1926 1140 alienata,

84 1155 243 1178 obnoxiata
262 1154 307 1177 vel
326 1154 433 1177 tradita
453 1153 510 1176 nisi
529 1151 592 1181 tibi,
606 1151 650 1175 cui
671 1158 754 1182 supra
773 1150 907 1175 Henrico.
936 1151 972 1175 Et
986 1152 1102 1183 insuper
1120 1152 1176 1176 tibi
1189 1152 1293 1176 exinde
1311 1160 1405 1176 coram
1420 1154 1540 1177 testibus
1553 1155 1768 1187 presencialiter
1781 1156 1834 1179 tibi
1850 1156 1925 1179 facio

83 1200 286 1224 Investituram
305 1200 332 1223 et
351 1198 523 1230 legittimam
542 1196 732 1220 tradicionem
753 1197 782 1219 in
804 1196 946 1227 integrum
967 1204 1015 1228 per
1034 1197 1190 1227 cultellum,
1211 1197 1338 1221 fistucum
1360 1199 1500 1228 notatum,
1515 1201 1697 1227 voantonem,
1711 1202 1738 1223 et
1752 1208 1924 1224 avansonem

19 1242 54 1267 20
85 1245 157 1268 terre
176 1245 261 1275 atque
280 1250 387 1267 ramum
407 1241 526 1270 arboris,
551 1242 578 1264 et
597 1240 697 1264 taliter
715 1247 758 1264 me
779 1240 851 1264 foris
875 1241 978 1264 exinde
1001 1241 1142 1272 expulivi,
1163 1242 1274 1274 arripui
1293 1244 1321 1266 et
1341 1242 1484 1266 absentem
1505 1251 1548 1267 me
1570 1244 1633 1274 feci,
1654 1246 1681 1268 et
1701 1245 1756 1268 tibi
1775 1246 1821 1269 cui
1841 1253 1925 1276 supra

83 1288 208 1312 Henrico
226 1289 261 1312 ad
281 1290 355 1311 tuam
375 1287 582 1318 proprietatem
603 1285 638 1309 ad
657 1285 817 1309 habendum
838 1285 951 1316 reliqui.
987 1285 1017 1310 Si
1040 1287 1103 1317 quis
1131 1293 1206 1315 vero,
1231 1288 1307 1318 quod
1330 1287 1456 1311 futurum
1483 1295 1542 1311 esse
1568 1296 1625 1312 non
1645 1289 1738 1320 credo,
1759 1291 1781 1313 si
1803 1297 1855 1322 ego
1875 1292 1922 1322 qui

83 1333 277 1364 suprascripta
296 1330 404 1364 Agella,
429 1329 505 1361 quod
530 1329 613 1360 absit,
633 1331 681 1353 aut
700 1329 776 1353 ullus
802 1329 835 1353 de
855 1329 1004 1353 heredibus
1030 1332 1078 1354 aut
1098 1331 1303 1362 proheredibus
1325 1333 1402 1361 meis,
1423 1340 1470 1356 seu
1489 1333 1626 1363 quislibet
1647 1335 1781 1366 opposita
1805 1342 1925 1367 persona

81 1377 228 1401 hominum
248 1375 411 1403 surrexerit,
431 1375 478 1406 qui
499 1376 600 1398 contra
620 1374 692 1398 hanc
714 1374 852 1398 cartulam
872 1374 1056 1399 vendicionls
1078 1377 1118 1399 ire
1137 1383 1312 1407 quocumque
1331 1378 1523 1409 temptaverit,
1543 1380 1591 1402 aut
1611 1385 1723 1402 causam
1749 1386 1797 1410 per
1821 1381 1924 1411 quovis

81 1421 226 1453 ingenium
247 1420 404 1452 infringere
423 1419 568 1450 quesierit,
595 1420 662 1442 tunc
690 1419 817 1442 inserant
842 1419 876 1442 ad
898 1419 979 1442 illam
1004 1421 1121 1451 partem,
1142 1422 1241 1444 contra
1262 1428 1343 1452 quam
1364 1421 1467 1446 exinde
1487 1422 1566 1446 litem
1589 1423 1731 1451 intulerit,
1756 1430 1925 1456 componere

17 1463 50 1489 25
83 1465 198 1495 mulcta,
217 1464 292 1496 quod
316 1465 359 1488 est
379 1471 459 1495 pena,
484 1471 553 1487 auro
574 1464 687 1495 optimo
709 1464 794 1487 uncia
821 1470 886 1492 una,
907 1465 1054 1495 argentum
1075 1464 1211 1495 ponderis
1229 1465 1297 1488 duas
1316 1467 1350 1495 et,
1375 1467 1451 1497 quod
1478 1467 1655 1499 repetierint,
1682 1468 1756 1491 nihil
1778 1469 1925 1492 vindicare

80 1509 203 1539 valeant,
223 1508 270 1532 sed
288 1515 402 1540 presens
421 1508 494 1531 hanc
509 1507 646 1531 cartulam
667 1507 852 1531 vendicionis
871 1507 1019 1531 dluturnis
1032 1508 1208 1540 temporibus
1224 1509 1304 1533 firma
1317 1511 1344 1533 et
1359 1510 1488 1534 stabilem
1504 1513 1666 1542 permaneat
1686 1513 1769 1542 atque
1782 1513 1924 1544 persistat.

82 1554 117 1578 Et
137 1554 171 1578 ad
192 1560 243 1582 me,
263 1554 307 1577 cui
323 1560 406 1585 supra
420 1551 529 1585 Acella,
542 1552 666 1582 meisque
680 1551 829 1575 heredibus
845 1554 893 1575 aut
907 1552 1110 1584 proheredibus
1130 1553 1194 1581 tibi,
1209 1554 1255 1578 cui
1269 1561 1353 1586 supra
1367 1554 1499 1583 Henrieo,
1518 1556 1630 1587 tuisque
1644 1556 1802 1585 heredibus,
1816 1559 1864 1581 aut
1877 1559 1921 1581 cui

81 1599 111 1623 tu
131 1598 241 1622 dederis
260 1598 452 1629 suprascripta
473 1597 552 1628 pecia
572 1597 605 1620 de
630 1598 706 1620 terra
725 1596 860 1624 casaliva,
881 1597 1005 1628 qualiter
1024 1604 1109 1629 supra
1130 1598 1243 1630 legitur,
1264 1599 1294 1622 in
1315 1600 1458 1630 integrum
1481 1600 1515 1624 ab
1535 1601 1614 1624 omni
1633 1602 1749 1625 homine
1768 1601 1924 1626 defensare.

81 1641 166 1671 Quod
187 1644 209 1667 si
230 1642 376 1673 defensare
396 1649 453 1664 non
474 1641 662 1673 potuerimus,
681 1642 730 1664 aut
743 1642 766 1664 si
783 1641 863 1664 vobis
883 1641 988 1665 exinde
1003 1642 1112 1672 aliquid
1128 1650 1177 1673 per
1189 1644 1291 1673 quovis
1304 1644 1453 1676 ingenium
1473 1645 1636 1669 subtrahere
1648 1646 1842 1677 quesierimus,
1856 1648 1922 1670 tunc

16 1685 52 1712 30
83 1689 112 1712 in
132 1687 249 1720 duplum
269 1687 462 1719 suprascripta
482 1685 562 1717 pecia
587 1686 621 1709 de
646 1687 721 1709 terra
741 1685 866 1709 casaliva
887 1693 950 1709 cum
970 1693 1032 1710 casa
1053 1687 1221 1711 scandolata
1242 1695 1325 1720 super
1345 1695 1372 1711 se
1391 1689 1512 1713 habente
1534 1690 1616 1714 vobis
1636 1691 1827 1719 restituamus,
1847 1692 1922 1715 sicut

81 1739 132 1764 pro
151 1733 278 1764 tempore
299 1731 386 1755 fuerit
405 1730 555 1754 meliorata
575 1732 624 1754 aut
644 1730 767 1754 valuerit
782 1737 833 1762 pro
848 1730 1035 1754 extimatione
1051 1732 1078 1754 in
1093 1732 1239 1756 consimili
1261 1733 1334 1757 loco.
1370 1733 1405 1757 Et
1425 1741 1594 1765 pergamena
1608 1742 1671 1758 cum
1683 1735 1924 1759 hactrementario

80 1777 114 1801 de
132 1778 206 1801 terra
225 1777 392 1804 levavimus,
411 1776 465 1799 tibi
486 1775 646 1799 Almericus
667 1775 810 1798 notarium
831 1777 858 1799 et
878 1775 964 1799 iudex
979 1776 1086 1799 tradidi
1106 1778 1134 1800 et
1153 1777 1276 1801 scribere
1296 1778 1406 1809 rogavi,
1422 1779 1449 1802 in
1464 1786 1518 1810 qua
1532 1780 1621 1803 eciam
1635 1779 1733 1804 subtus
1753 1780 1923 1804 confirmans

81 1821 255 1852 testibusque
274 1821 367 1845 obtuli
388 1820 421 1844 ad
442 1820 642 1844 roborandum.

168 1867 271 1890 Actum
292 1867 320 1889 in
342 1865 407 1889 loco
428 1865 589 1893 Pernumia,
610 1865 743 1889 feliciter.

17 1907 51 1933 35
170 1909 289 1942 Signum
309 1910 400 1934 crucis
418 1908 436 1940 †
455 1916 541 1932 manu
561 1910 756 1940 suprascripta
776 1908 883 1942 Agena,
898 1909 1013 1937 femina,
1027 1912 1228 1934 consenciente
1242 1913 1438 1943 suprascripto
1458 1911 1577 1940 Cadalo,
1590 1913 1685 1945 jugale
1698 1921 1768 1942 meo,
1782 1914 1831 1945 qui
1850 1914 1921 1938 hanc

79 1955 217 1979 cartulam
238 1954 416 1979 venditionis
434 1954 495 1977 fieri
515 1955 628 1986 rogavi,
647 1955 678 1977 ut
697 1961 790 1985 supra.

164 1998 284 2032 Signum
303 1999 321 2030 †
341 2006 427 2023 manu
445 1999 641 2031 suprascripto
662 1998 782 2028 Cadalo,
801 2000 848 2030 qui
863 1999 936 2023 hanc
950 1999 1088 2024 cartulam
1102 2000 1135 2024 ad
1149 2000 1240 2024 eidem
1254 2001 1383 2034 Acellam
1397 2002 1543 2026 consensit
1555 2004 1584 2026 et
1597 2010 1636 2026 ωε
1644 2010 1709 2026 num
1723 2010 1801 2027 suam
1816 2005 1923 2036 posuit,

80 2044 110 2067 ut
129 2050 160 2067 su
183 2051 222 2067 ra.

164 2050 287 2118 {ignum
305 2085 352 2117 ††
370 2088 499 2111 manibus
519 2087 667 2118 Ardecuch
687 2089 714 2111 et
734 2086 859 2112 Girardo
880 2087 915 2112 de
934 2088 999 2112 loco
1019 2088 1181 2118 Pernumia,
1202 2091 1331 2113 viventes
1352 2090 1411 2122 lege
1431 2091 1549 2121 salicha,
1568 2093 1596 2115 et
1614 2093 1709 2115 testes.

15 2128 50 2155 40
167 2129 287 2163 Signum
306 2130 323 2160 †
340 2129 358 2161 †
377 2130 394 2159 ἦ·
411 2129 429 2160 †
450 2131 580 2155 manibus
600 2131 755 2155 Dominico
775 2133 906 2156 venetico
925 2134 952 2156 et
971 2132 1097 2164 Vicenco
1117 2134 1144 2156 et
1163 2133 1305 2158 Iohannes
1323 2136 1351 2158 et
1370 2135 1464 2163 Petro,
1481 2137 1575 2159 testes.

167 2175 226 2206 Ego
246 2175 294 2207 qui
313 2182 397 2207 supra
416 2175 586 2206 Ahnericus,
607 2177 737 2200 notarius
757 2178 784 2200 et
805 2176 898 2207 iudex,
919 2177 968 2208 qul
988 2177 1059 2201 hanc
1078 2178 1216 2202 cartulam
1237 2178 1420 2203 vendicionis
1440 2180 1540 2211 scripsi
1561 2182 1625 2212 post
1645 2181 1751 2205 tradita
1771 2181 1922 2213 complevi.

167 2264 225 2296 Ego
244 2262 268 2296 [*
281 2262 332 2298 *Ἴ
354 2267 440 2291 iudex
460 2264 670 2297 inti-ascriptus,
690 2266 855 2298 subscripsi.

166 2309 226 2341 Ego
245 2310 349 2335 Daniel
371 2312 501 2335 notarius
521 2318 535 2334 a
555 2309 688 2340 Statutis,
707 2310 801 2334 socius
820 2312 848 2334 et
868 2311 951 2335 testis
971 2311 1185 2344 infrascriptus,
1205 2320 1248 2336 me
1268 2313 1421 2345 subscripsi
1442 2314 1468 2337 et
1489 2314 1639 2338 ascultavi.

166 2353 195 2378 S.
215 2355 251 2377 N.
271 2355 330 2386 Ego
350 2356 517 2383 Bernardus,
536 2355 606 2379 olim
626 2354 738 2378 domini
759 2355 838 2379 Petri
860 2355 964 2380 iudicis
984 2356 1017 2380 de
1037 2355 1159 2380 Casellis
1179 2357 1263 2387 filius,
1283 2359 1356 2381 civis
1376 2359 1533 2389 paduanus,
1558 2359 1687 2383 notarius
1710 2359 1919 2391 ulti-ascriptus,

15 2396 46 2422 45
78 2399 203 2422 existens
223 2399 253 2422 in
273 2399 366 2423 officio
378 2400 574 2431 ultrascripto.
589 2406 681 2422 coram
696 2399 808 2430 prefato
823 2399 924 2427 iudice,
938 2401 1116 2432 presentibus
1131 2403 1340 2432 prenominatis
1355 2403 1475 2426 testibus
1490 2403 1611 2426 notariis
1623 2405 1650 2426 et
1664 2405 1750 2428 sociis
1764 2404 1798 2428 ad
1812 2404 1920 2428 dictum

77 2444 187 2467 discum
207 2443 308 2467 Dulcis
327 2445 355 2467 et
383 2443 460 2474 aliis,
479 2443 550 2467 dicti
574 2443 681 2475 judicis
705 2444 783 2476 jussu
803 2446 830 2467 et
856 2445 1038 2473 auctoritate,
1064 2447 1236 2470 statutorum
1263 2447 1422 2470 communis
1450 2446 1546 2471 Padue
1571 2447 1753 2473 solemnitate
1778 2451 1805 2473 et
1831 2449 1921 2473 forma

76 2489 196 2515 servata,
217 2489 439 2520 suprascriptum
458 2488 677 2511 instrumentum
692 2495 725 2512 ex
739 2490 898 2512 auttentico
912 2491 1099 2521 suprascripti
1113 2490 1249 2513 Almerici
1271 2492 1379 2515 notarii
1395 2490 1516 2515 fideliter
1530 2492 1690 2524 exemplavi
1703 2494 1843 2525 signoque
1857 2502 1920 2518 meo

78 2533 213 2556 consueto
233 2532 345 2563 signavi
366 2534 394 2556 et
413 2532 554 2562 roboravi,
577 2531 618 2555 nil
639 2533 666 2555 in
688 2539 721 2556 eo
742 2532 848 2556 addens
868 2533 912 2557 vel
933 2535 1073 2565 minuens,
1094 2536 1168 2565 quod
1184 2542 1295 2558 sensum
1318 2537 1408 2559 variet
1425 2536 1466 2559 vel
1482 2538 1656 2560 sentenciam
1677 2539 1773 2566 mutet,
1792 2541 1920 2562 currente

76 2583 152 2600 anno
173 2576 292 2599 Domini
307 2577 460 2600 millesimo
481 2577 680 2600 trecentesimo
700 2577 946 2609 quinquagesimo,
966 2579 1127 2603 indictione
1147 2581 1243 2609 tercia,
1263 2580 1310 2602 die
1330 2580 1405 2603 iovis
1427 2581 1565 2611 vigesimo
1586 2582 1710 2605 secundo
1725 2583 1834 2614 aprilis,
1848 2585 1919 2615 regi-

15 2617 47 2644 30
78 2620 154 2644 mine
174 2620 328 2644 antediem.

355 2707 416 2740 IV.
440 2728 481 2733 —
506 2707 673 2740 Artium.

159 2771 189 2802 6.
213 2769 270 2811 [2J.
298 2788 334 2793 -—
360 2769 459 2802 Fiolo
482 2771 638 2802 secundo
655 2770 711 2803 del
736 2772 968 2814 sovrascripto

71 2823 214 2862 Lstolfo,
244 2822 330 2855 siolo
353 2822 411 2854 del
442 2823 674 2866 sovrascripto
707 2824 898 2856 Gumberto
923 2824 967 2857 da

165 2939 172 2954 ⁴
188 2942 228 2966 Fu
242 2944 410 2974 pubblicato
430 2943 632 2974 dall'OnsA'ro,
647 2948 686 2975 op.
701 2945 756 2974 cit„
772 2945 790 2969 l.
806 2944 879 2973 XIII,
894 2952 908 2968 e
921 2945 967 2969 dal
1024 2943 1205 2975 togliendolo
1220 2943 1266 2966 dal
1285 2944 1382 2966 nostro
1397 2942 1502 2967 codice.
1526 2943 1571 2967 Cf.
1584 2943 1748 2974 Bssurucci,
1768 2945 1839 2968 Hist.
1855 2946 1917 2968 eccl.

77 2985 200 3013 Gronm,
222 2987 284 3010 Cod.
298 2988 373 3018 dipl„
386 2988 473 3016 1.228
486 2996 534 3020 sg.,
551 2995 648 3018 n.200,
665 2997 723 3013 non
739 2990 969 3021 integralmente,
1026 2991 1084 3019 cit„
1103 2989 1121 3012 l.
1141 2988 1187 3015 XI,
1209 2987 1264 3011 vol.
1284 2986 1304 3015 Ι,
1325 2993 1388 3018 420.

204 3100 237 3126 T.
257 3101 346 3129 XVII,
366 3109 382 3132 p
412 3108 421 3124 1
442 3115 474 3119 —-
497 3109 535 3126 11.
