2346 3597
485 202 656 238 GESTA
685 200 986 237 MAGNIFICA
1017 200 1200 236 DOMUS
1230 200 1622 236 CARRARIENSIS

450 336 593 367 REDAZ.
618 334 650 366 A

126 418 188 450 per
212 419 300 440 eum.
341 407 411 445 Qui
428 407 529 439 simul
547 417 623 439 cum
640 406 714 448 ipso
733 406 875 438 domino
893 404 974 437 Ber-

126 461 262 493 nabone
279 461 417 493 assidue
434 461 544 503 magis
559 459 775 502 stringebant
792 458 975 490 insultibus

127 515 316 546 civitatem.
352 514 459 547 Cuius
483 513 616 545 domini
639 513 776 544 nunciis
792 518 827 543 et
843 512 974 544 licteris

125 568 370 610 imperatorem
394 568 507 609 ipsum
531 566 745 599 solicitantes
769 576 812 597 ac
844 565 974 607 magni-

126 622 229 653 ficum
262 621 438 652 dominum
475 620 698 652 Franciscum
731 621 776 651 de
800 619 973 656 Carraria,

127 674 185 716 qui
207 675 275 716 ipsi
299 674 432 706 vicinus
455 680 539 711 erat,
567 673 801 705 miserabilem
832 674 971 704 fortune

125 739 184 760 sue
207 733 331 760 statum
356 727 648 764 lamentabantur3
668 737 755 769 quos
771 727 844 768 ipse
863 726 972 758 domi-

125 791 189 812 nus
202 781 389 822 imperator
401 780 618 812 sermonibus
631 780 819 818 solabatur,
832 780 972 812 trahens

125 834 219 876 ipsos
233 834 297 866 sub
313 844 374 876 spe
391 834 515 865 celeris
538 833 710 876 suppedii.
746 834 807 866 Set
824 832 971 869 demum,

126 894 307 930 postquam
322 888 433 929 ipsum
449 886 624 918 dominum
639 886 880 918 Bernabonem
894 895 972 917 sen-

125 941 168 973 sit
191 941 228 972 in
244 941 368 973 seralio
385 941 620 978 fortificatum,
637 940 730 982 quod
746 940 781 971 in
797 939 922 982 grandi
939 944 973 970 et

125 994 235 1026 subita
258 994 317 1036 [vi]
336 994 479 1037 peregit,
495 994 684 1036 imperator
700 994 774 1034 ipse
798 1003 833 1024 se
858 992 973 1033 dispo-

125 1049 192 1080 suit
216 1049 260 1080 ad
283 1048 351 1080 iter
375 1058 453 1080 cum
477 1048 579 1079 dictis
602 1047 725 1079 decem
749 1045 879 1077 milium
895 1056 972 1087 pas-

125 1113 223 1134 suum
248 1108 282 1134 et
308 1102 442 1133 iactura
470 1101 624 1133 locorum
658 1099 883 1141 permaxima,
913 1098 973 1130 ubi

127 1155 448 1192 castrumetabatur,
459 1153 554 1186 nulla
570 1154 613 1186 de
630 1152 821 1184 latronibus
836 1157 973 1184 servata

125 1209 274 1247 iusticia,
285 1218 387 1251 quam
401 1207 528 1240 ceteris
540 1206 756 1249 predicabat.
774 1205 889 1244 Quem
902 1216 972 1237 mo-

125 1273 199 1293 rem
223 1272 285 1303 per
308 1267 415 1293 totum
434 1271 530 1292 suum
547 1260 657 1292 tenuit
673 1260 738 1291 iter
755 1266 789 1291 et
805 1261 972 1301 precipue

125 1315 159 1346 in
168 1314 292 1346 finibus
304 1315 509 1352 amicorum,
518 1314 640 1356 sicque
650 1314 792 1345 tandem
804 1313 971 1346 Sacillum

126 1369 293 1411 pervenit.
341 1369 411 1407 Qui
428 1373 555 1410 tamen,
576 1369 774 1410 priusquam
799 1368 841 1400 de
864 1367 972 1399 Utino

126 1422 352 1459 discessisset,
365 1421 410 1453 ad
433 1432 469 1453 se
486 1422 537 1453 ire
555 1421 735 1463 requisivit
751 1420 971 1463 magnificum

127 1475 301 1507 dominum
322 1475 547 1508 Franciscum
572 1475 615 1506 de
647 1475 822 1511 Carraria,
846 1474 904 1516 qui
928 1474 973 1505 ad

125 1529 367 1570 imperatorem
408 1529 531 1571 ipsum,
569 1528 822 1571 quamprimum
860 1528 971 1569 ipsum

125 1581 231 1614 sensit
246 1582 407 1614 Foriiulii
424 1583 508 1614 fines
525 1583 698 1625 actigisse‚
715 1581 891 1624 egregium
912 1580 972 1611 mi-

125 1641 215 1667 serat
237 1636 379 1668 militem
404 1636 579 1668 dominum
606 1635 826 1667 Bonifacium
843 1634 887 1666 de
904 1634 972 1666 Lu-

125 1689 187 1731 pis,
213 1690 368 1722 Soranee
392 1690 640 1721 marchionem.
687 1688 750 1721 Cui
779 1687 972 1730 magnifico

125 1743 265 1774 domino
290 1742 481 1775 Francisco
505 1749 574 1775 tam
599 1743 705 1785 longa
728 1754 748 1773 a
772 1742 876 1773 domo
893 1751 974 1783 pro-

125 1796 233 1828 fectio
257 1802 330 1828 tuta
354 1796 426 1829 visa
448 1808 517 1829 non
543 1802 594 1828 est
625 1801 769 1838 propter
793 1795 972 1826 dominum

125 1849 204 1882 dela
227 1848 330 1882 Scala
351 1850 417 1883 sibi
438 1850 589 1882 vicinum
608 1856 642 1881 et
658 1850 802 1881 hostem.
835 1848 972 1880 Deinde

123 1909 238 1936 autem
263 1904 337 1945 ipse
360 1894 563 1948 magnificus
578 1902 738 1935 dominus
754 1902 781 1934 F
785 1902 972 1939 ranciscus‚

122 1957 366 1999 imperatorem
379 1958 602 1995 allocuturus,
619 1967 696 1989 cum
714 1955 881 1988 nobilium
898 1955 973 1997 plu-

123 2011 210 2042 rium
241 2017 276 2043 et
302 2017 510 2043 armatorum
543 2011 708 2042 comitiva
739 2011 878 2042 decenti
909 2010 970 2042 Sa-

124 2064 240 2096 cillum
263 2065 445 2106 profectus
469 2070 530 2101 est,
555 2063 613 2096 ubi
647 2065 689 2096 ab
721 2064 796 2105 ipso
828 2064 970 2095 domino

122 2117 331 2159 imperatore
354 2118 481 2150 ridenti
506 2127 565 2149 ore
583 2123 617 2149 et
640 2116 867 2160 blandiloqua
884 2127 969 2149 voce

123 2172 212 2203 adeo
227 2177 404 2214 gratanter
427 2178 608 2213 susceptus
624 2177 685 2209 est,
702 2171 796 2213 quod
813 2171 971 2203 omnibus

123 2224 231 2256 visum
243 2232 295 2258 est
307 2226 418 2267 ipsum
430 2225 651 2268 imperatoris
664 2225 771 2256 filium
781 2235 865 2257 esse.
883 2225 968 2256 Cum

123 2289 191 2320 quo
216 2279 290 2320 ipse
307 2279 510 2322 magnificus
534 2279 693 2311 dominus
710 2278 916 2311 Franciscus
934 2279 969 2309 in

124 2331 228 2374 longo
253 2332 318 2364 fuit
340 2343 509 2373 sermone,
523 2338 683 2376 tuncque,
708 2338 868 2374 presente
892 2333 968 2374 ipso

124 2385 275 2424 domino,
300 2386 386 2417 ordo
411 2393 532 2427 captus
556 2392 607 2418 est
630 2387 674 2419 de
699 2386 847 2418 transitu
864 2386 970 2427 ipsius

123 2450 186 2480 per
221 2439 422 2471 tarvisinum
453 2446 488 2471 et
522 2445 685 2481 patavum
715 2440 837 2477 solum,
869 2449 970 2481 super

123 2503 190 2534 quo
215 2493 379 2525 tarvisino
403 2494 476 2526 solo
500 2495 647 2536 plurium
673 2495 842 2527 dictarum
867 2495 970 2526 traxit

122 2556 252 2578 moram
275 2547 374 2579 simul
403 2558 481 2579 cum
513 2559 623 2581 uxore
656 2555 690 2580 et
722 2549 790 2580 filia
821 2548 969 2580 brande-

122 2598 302 2642 burgenssi
334 2602 594 2640 marchionissa,
627 2613 705 2644 que,
729 2603 802 2634 viro
835 2602 968 2638 relicto,

123 2653 232 2694 ipsum
249 2661 367 2686 secuta
384 2660 445 2687 est.
470 2655 558 2686 Tum
577 2657 715 2687 demum
732 2662 893 2698 patavum
911 2666 970 2697 ap-

122 2706 243 2748 plicuit
265 2708 375 2740 solum
400 2719 510 2750 prope
537 2708 755 2746 Cstadellam,
776 2719 843 2751 quo
868 2716 901 2740 et
924 2709 968 2740 ad

122 2770 223 2802 quem
248 2762 350 2792 etiam
374 2762 437 2794 ivit
467 2762 539 2804 ipse
570 2762 782 2804 magnificus
810 2762 969 2794 dominus

122 2813 330 2846 Franciscus
354 2815 398 2846 de
422 2816 594 2847 Carraria.
640 2815 761 2858 Ibique
787 2817 891 2847 etiam
907 2816 969 2846 im-

122 2873 264 2908 perator
287 2878 418 2900 moram
441 2870 555 2906 traxit,
580 2870 705 2901 ducem
737 2869 878 2901 Austrie
909 2880 968 2901 ex-

123 2925 267 2960 pectans
291 2932 369 2954 cum
393 2923 566 2960 comitiva,
591 2923 649 2966 qui
666 2923 849 2956 dicebatur
866 2929 900 2955 et
915 2933 968 2954 se-

125 2974 180 3014 qui
205 2974 364 3007 debebat.
397 2975 467 3008 Ubi
490 2977 608 3008 habito
625 2987 729 3018 super
745 2977 890 3010 transitu
906 2978 969 3008 im-

258 3101 289 3126 T.
310 3101 397 3130 XVII,
418 3110 444 3134 p.
463 3108 484 3130 1,
506 3103 561 3127 vol.
583 3109 607 3127 11
627 3116 658 3123 —
683 3110 722 3129 10.

1041 829 1077 859 10

1041 1088 1078 1119 15

1038 1356 1078 1385 20

1038 1621 1076 1652 25

1037 1888 1077 1919 30

1034 2154 1074 2186 35

1035 2423 1076 2454 40

1035 2687 1074 2720 45

1035 2953 1075 2984 50

1456 332 1598 363 REDAz.
1624 333 1654 363 D

1137 414 1199 444 per
1222 403 1300 442 ello,
1326 403 1357 434 el
1382 403 1461 445 qual
1486 403 1657 435 insembre
1676 405 1727 436 col
1747 405 1840 436 dicto
1859 406 1980 437 mesier

1136 456 1294 488 Bernabo
1330 457 1607 488 continuamente
1643 464 1676 488 et
1713 467 1777 489 con
1814 459 1871 499 piu
1908 459 1979 490 fieri

1135 509 1252 541 assalti
1287 519 1378 552 ogno
1414 509 1448 540 di
1478 515 1657 552 strenceva
1686 510 1747 550 piu
1779 511 1811 541 la
1840 512 1907 542 cita
1938 512 1980 542 de

1134 563 1286 595 Mantoa.
1334 564 1348 595 I
1372 563 1503 606 signori
1528 563 1619 595 della
1645 563 1723 605 qual
1744 574 1807 595 con
1825 574 1862 595 so
1880 565 1980 595 messi

1135 624 1168 648 et
1185 617 1293 649 letere
1310 617 1516 649 solicitando
1543 617 1573 647 el
1589 617 1684 648 dicto
1709 617 1906 658 imperador
1924 628 1940 648 e
1961 617 1981 647 ’1

1134 670 1317 712 magnifico
1342 670 1460 713 signor
1477 670 1599 702 mesier
1617 671 1814 702 Francesco
1836 670 1879 701 da
1897 671 1981 702 Car-

1134 734 1221 760 rara,
1239 723 1271 754 el
1288 724 1368 765 qual
1392 724 1424 755 ie
1449 733 1507 755 era
1525 724 1623 760 visin,
1647 734 1682 754 se
1707 724 1901 755 lamentava
1925 724 1981 754 del

1133 776 1327 808 miserabile
1352 787 1432 808 caso
1458 776 1550 808 della
1573 786 1633 807 soa
1657 777 1806 808 fortuna.
1850 777 1863 808 Ι
1888 776 1980 818 quali

1134 830 1261 873 signori
1287 830 1330 862 de
1355 831 1497 862 Mantoa
1523 831 1553 862 el
1571 831 1667 863 dicto
1684 829 1882 871 imperador
1899 840 1981 860 con-

1132 884 1249 915 solava
1274 895 1341 916 con
1366 884 1495 925 parole,
1521 884 1721 927 digandoge
1742 893 1910 925 speranca
1936 882 1979 914 de

1133 943 1248 978 presto
1272 936 1444 975 subsidio3
1462 948 1516 968 ma
1541 948 1605 978 pur
1630 937 1697 967 alla
1717 937 1773 974 fin,
1791 935 1930 978 quando
1949 936 1979 966 el

1133 991 1366 1032 sovrascripto
1399 991 1598 1032 imperador
1622 990 1711 1022 senti
1736 991 1767 1021 el
1793 990 1887 1021 dicto
1912 999 1983 1021 me-

1133 1045 1201 1076 sier
1226 1044 1385 1076 Bernabo
1410 1055 1503 1076 esser
1528 1045 1622 1076 facto
1656 1044 1744 1075 forte
1768 1044 1802 1074 in
1829 1043 1861 1074 lo
1887 1044 1982 1074 dicto

1134 1097 1257 1136 seraio,
1282 1098 1313 1129 la
1337 1098 1419 1140 qual
1445 1108 1527 1130 cosa
1552 1097 1619 1129 ello
1637 1097 1682 1128 fe’
1700 1108 1766 1129 con
1791 1096 1923 1139 grande
1949 1104 1981 1128 et

1134 1151 1246 1183 subita
1264 1152 1372 1195 forca,
1391 1151 1458 1183 ello
1481 1162 1517 1183 se
1544 1161 1626 1192 pose
1651 1151 1719 1181 alla
1743 1151 1797 1182 via
1822 1160 1888 1181 con
1905 1160 1979 1193 cor-

1135 1205 1224 1236 nade
1249 1204 1292 1236 de
1317 1204 1399 1236 dese
1424 1205 1501 1241 mia,
1527 1211 1560 1236 et
1580 1204 1676 1245 co[n]
1700 1214 1788 1247 gran
1811 1204 1927 1236 damni
1947 1205 1981 1236 di

1135 1258 1239 1300 luogi.
1263 1258 1294 1290 o’
1315 1258 1379 1289 che
1399 1258 1465 1289 ello
1483 1269 1517 1289 se
1537 1258 1703 1301 allocava‚
1722 1268 1765 1289 no
1783 1258 1926 1289 fasando
1946 1258 1982 1289 di

1134 1312 1258 1344 latroni
1284 1312 1410 1354 alguna
1433 1311 1573 1349 iustitia,
1599 1311 1692 1343 della
1717 1313 1793 1353 qual
1819 1311 1885 1343 ello
1904 1322 1981 1353 pre-

1135 1366 1263 1398 dicava
1288 1377 1305 1397 a
1330 1365 1426 1398 tucti.
1466 1366 1509 1397 Et
1533 1371 1655 1407 questo
1679 1367 1782 1396 modo
1799 1371 1900 1397 tenne
1919 1376 1981 1406 per

1134 1425 1227 1451 tucto
1253 1420 1283 1451 el
1308 1429 1345 1450 so
1378 1418 1503 1456 camin,
1529 1425 1562 1450 et
1596 1418 1842 1459 specialmente
1879 1419 1915 1450 in
1951 1419 1980 1449 le

1135 1473 1255 1504 contra
1279 1473 1335 1504 dei
1360 1472 1466 1513 amisi,
1491 1478 1524 1503 et
1548 1471 1619 1504 cosi
1644 1483 1708 1513 pur
1733 1472 1800 1503 ello
1824 1482 1935 1503 venne
1961 1484 1980 1503 a

1135 1526 1262 1558 Sacile‚
1288 1527 1329 1558 El
1344 1527 1424 1568 qual
1441 1537 1554 1568 ampo.
1569 1526 1671 1569 manci
1685 1527 1749 1558 che
1765 1526 1831 1558 ello
1848 1537 1884 1558 se
1902 1538 1980 1567 par-

1133 1581 1212 1612 tisse
1239 1581 1283 1612 da
1306 1579 1443 1618 Udene,
1457 1581 1585 1622 requiri
1601 1581 1632 1612 el
1651 1582 1836 1623 magnifico
1860 1582 1979 1624 signor

1134 1635 1260 1666 mesier
1283 1636 1479 1666 Francesco
1505 1635 1550 1666 da
1574 1635 1722 1666 Carrara
1746 1634 1855 1666 dover
1871 1636 1981 1667 andar

1135 1699 1152 1719 a
1175 1688 1235 1727 lui,
1260 1689 1290 1719 el
1319 1689 1398 1730 qual
1429 1688 1615 1730 magnifico
1640 1688 1768 1730 signor,
1797 1700 1896 1720 como
1921 1691 1980 1731 piu

1133 1748 1221 1774 tosto
1246 1742 1278 1773 el
1303 1741 1390 1773 senti
1406 1742 1437 1772 el
1455 1741 1547 1773 dicto
1565 1741 1765 1783 imperador
1779 1753 1873 1774 esser
1887 1744 1978 1774 nella

1134 1795 1250 1827 Patria
1274 1796 1316 1826 de
1341 1795 1460 1832 Prion,
1486 1795 1596 1826 havea
1621 1797 1794 1827 mandado
1818 1808 1837 1827 a
1866 1797 1911 1827 lui
1947 1798 1979 1828 el

1133 1848 1331 1880 cliavaliero
1352 1849 1496 1891 egregio
1514 1849 1638 1879 mesier
1656 1848 1840 1881 Bonifacio
1857 1849 1892 1881 di
1909 1850 1977 1882 Lo-

1134 1903 1176 1940 vi,
1200 1904 1381 1934 marchese
1397 1903 1440 1934 de
1459 1902 1627 1944 Soragna,
1650 1903 1779 1943 perche
1804 1904 1835 1935 el
1861 1904 1979 1946 signor

1132 1961 1257 1992 mesier
1283 1961 1478 1992 Francesco
1502 1969 1570 1990 non
1595 1968 1700 2000 parea
1725 1967 1850 1999 seguro
1875 1968 1977 1998 apar-

1131 2015 1214 2046 tirse
1234 2015 1304 2046 cosi
1328 2014 1421 2056 longi
1446 2014 1489 2044 da
1510 2023 1589 2044 casa
1607 2023 1668 2053 per
1692 2012 1725 2043 lo
1742 2012 1861 2053 signor
1885 2010 1977 2042 dalla

1132 2068 1245 2105 Scala,
1270 2068 1334 2099 che
1360 2067 1370 2097 i
1396 2078 1454 2098 era
1475 2067 1584 2097 visino
1601 2071 1635 2097 et
1651 2065 1806 2107 inimigo.
1852 2065 1905 2096 Da
1921 2065 1976 2106 po'

1131 2121 1163 2151 el
1187 2121 1281 2152 dicto
1306 2121 1489 2161 magnifico
1514 2119 1630 2161 signor
1646 2128 1713 2150 con
1731 2117 1820 2149 bella
1838 2127 1975 2158 compa-

1130 2174 1210 2216 gnia
1238 2174 1282 2204 de
1307 2173 1551 2216 gentilhomini
1575 2178 1607 2203 et
1641 2173 1684 2203 de
1708 2177 1811 2214 gente
1843 2170 1973 2203 d'arme

1131 2238 1192 2269 per
1219 2238 1312 2259 esser
1344 2227 1399 2258 col
1430 2225 1523 2258 dicto
1555 2225 1754 2267 imperador
1785 2224 1875 2256 ando
1906 2225 1975 2256 fina

1131 2282 1257 2319 Sacile‚
1282 2287 1316 2312 et
1338 2280 1362 2312 li
1387 2281 1422 2311 fo
1447 2280 1574 2311 recevu
1607 2279 1664 2310 dal
1695 2279 1892 2310 sovradicto
1918 2278 1978 2308 im-

1131 2334 1280 2376 perador
1297 2344 1362 2365 con
1378 2334 1404 2365 si
1421 2334 1551 2376 aliegro
1570 2332 1662 2364 volto
1680 2339 1714 2364 et
1731 2333 1831 2364 dolce
1846 2332 1976 2373 parole,

1131 2389 1195 2420 che
1213 2398 1231 2418 a
1252 2388 1328 2418 tutti
1355 2397 1453 2428 parse
1479 2386 1544 2417 che
1570 2386 1590 2415 ’l
1616 2387 1708 2417 fosse
1733 2395 1771 2417 so
1796 2385 1886 2417 fiolo.
1932 2385 1976 2417 Et

1130 2442 1167 2474 fo
1191 2442 1222 2473 el
1239 2441 1354 2484 signor
1371 2441 1494 2471 mesier
1512 2441 1708 2472 Francesco
1725 2439 1759 2470 in
1778 2439 1881 2482 longo
1898 2450 1975 2480 par-

1130 2496 1180 2526 lar
1206 2505 1271 2526 con
1295 2494 1420 2526 mesier
1443 2493 1676 2535 l’imperador‚
1701 2499 1734 2524 et
1757 2500 1917 2534 presente
1943 2493 1975 2524 el

1131 2549 1226 2581 dicto
1251 2549 1369 2590 signor
1392 2548 1429 2579 fo
1447 2557 1547 2588 preso
1561 2548 1690 2579 ordene
1714 2547 1771 2578 del
1797 2557 1833 2578 so
1857 2557 1977 2588 passar

1131 2613 1193 2644 per
1217 2602 1249 2633 lo
1273 2608 1388 2632 terren
1412 2601 1455 2632 de
1480 2601 1617 2632 Triviso
1641 2609 1675 2632 et
1698 2600 1741 2632 de
1766 2599 1869 2632 Pava.
1916 2600 1975 2632 Sul

1131 2656 1207 2698 qual
1232 2661 1350 2686 terren
1370 2655 1413 2686 de
1429 2655 1568 2686 Triviso
1585 2654 1652 2685 ello
1677 2659 1787 2686 stecte
1805 2654 1922 2695 plusor
1940 2653 1974 2686 di

1130 2708 1302 2740 insembre
1327 2718 1393 2740 con
1418 2708 1449 2739 la
1473 2708 1603 2739 moiere
1628 2713 1662 2739 et
1685 2717 1751 2739 con
1776 2707 1808 2738 la
1829 2707 1918 2744 fiola,
1945 2707 1976 2738 la

1131 2762 1208 2804 qual
1233 2772 1291 2792 era
1312 2761 1544 2793 marchessina
1567 2762 1611 2794 de
1629 2761 1919 2803 Brandenburgo,
1942 2767 1976 2792 et

1130 2814 1449 2855 mo'‚abandonado
1475 2815 1507 2845 el
1531 2815 1677 2853 marido‚
1700 2816 1842 2858 seguiva
1867 2816 1898 2846 el
1915 2826 1976 2856 pa-

1131 2868 1203 2900 dre.
1230 2868 1307 2899 Alla
1332 2868 1375 2899 fin
1400 2878 1466 2909 pur
1489 2869 1557 2909 puo
1581 2879 1693 2900 venne
1716 2869 1768 2900 sul
1792 2874 1906 2899 terren
1931 2868 1974 2899 de

1132 2921 1223 2952 Pava
1248 2931 1365 2962 presso
1394 2932 1414 2952 a
1439 2919 1623 2960 Citadella,
1650 2922 1680 2953 al
1712 2922 1791 2964 qual
1823 2922 1974 2953 etiandio

1130 2976 1220 3007 ando
1246 2975 1275 3005 el
1304 2974 1487 3017 magnifico
1505 2975 1621 3017 signor
1637 2976 1762 3007 mesier
1779 2975 1974 3006 Francesco
