2346 3597
717 185 893 221 GESTA
921 185 1222 220 MAGNIFICA
1250 184 1434 220 DOMUS
1463 183 1856 220 CARRARIENSIS

686 320 826 353 REoAz.
853 319 884 352 A

364 395 469 426 ductu
493 393 608 425 militis
632 392 764 435 egregii
790 392 919 424 domini
945 391 1140 423 Arichoani
1165 391 1208 423 de

363 446 623 488 Bucacharinis,
647 445 743 478 leviti
767 445 829 482 sui,
861 451 977 482 nocte,
1009 443 1209 475 ductoribus

362 499 631 542 precedentibus
655 499 819 540 expertis,
843 499 932 529 adeo
957 498 1209 540 equitaverunt,

361 553 455 596 quod
473 559 551 584 ante
570 551 730 584 Vicentie
748 557 882 594 portam
909 550 1063 583 diluculo
1088 559 1209 591 perve-

359 612 494 643 nerunt,
526 606 642 637 omnia
673 605 804 637 ibidem
840 604 948 646 prede
984 609 1208 645 exponentes,

360 667 394 692 et
418 661 482 692 hac
499 660 578 691 illac
604 660 818 697 cursitantes,
844 657 1001 689 cabalum
1027 656 1209 698 quendam³

360 726 379 745 a
397 712 560 755 vigilibus
578 712 792 748 derelictum,
810 710 1015 742 victualibus
1031 710 1198 741 munitum

361 767 566 802 habuerunt,
598 766 851 806 commissaque
887 763 931 795 ibi
969 774 1046 795 cum
1082 764 1209 804 stipen-

361 820 478 852 diariis
502 818 708 855 intrinsecis,
733 819 792 859 qui
815 817 934 849 urbem
965 816 1094 859 egressi
1119 821 1207 856 sunt,

362 884 476 916 pugna
501 878 563 904 est.
613 871 680 904 Ubi
713 870 845 902 iuvenis
873 871 1014 911 quidam
1045 870 1079 900 in
1106 869 1208 900 armis

362 933 532 968 expertus,
556 925 685 967 probus
710 930 743 955 et
767 924 936 961 robustus,
954 924 1124 955 Iohannes
1147 933 1208 953 no-

361 981 451 1012 mine
477 980 520 1011 de
544 977 747 1013 Cavedono,
770 977 954 1015 tirolensis,
970 976 1085 1008 herois
1101 977 1207 1018 ipsius

360 1033 583 1065 carrariensis
606 1031 863 1074 stipendiariuS,
894 1030 1068 1067 occubuit,
1092 1030 1207 1071 ibique

362 1087 441 1118 ville
465 1086 570 1117 multe
599 1084 786 1121 combuste,
815 1084 873 1115 ubi
907 1083 1069 1115 continue
1094 1083 1207 1114 triduo

362 1139 471 1171 omnis
494 1139 617 1169 militia
640 1138 745 1169 stetit.
785 1136 856 1169 Sed
871 1137 1023 1176 incusso,
1040 1136 1132 1175 unde
1149 1146 1207 1167 ne-

363 1193 447 1229 scio,
479 1191 685 1224 australibus
717 1191 838 1222 timore
863 1191 905 1221 de
930 1201 998 1222 non
1026 1189 1208 1221 sufficienti

363 1247 429 1278 loci
454 1245 650 1281 securitate,
674 1253 709 1275 se
734 1249 873 1275 traxere
897 1244 941 1274 ad
958 1243 1071 1275 locum
1088 1241 1208 1274 Sancti

364 1298 503 1330 Martini
528 1309 605 1329 sora
630 1297 651 1327 'l
675 1303 788 1329 monte
814 1306 924 1339 nuper
955 1307 974 1327 a
1002 1296 1207 1328 carrariensi

364 1353 470 1383 heroe
495 1351 528 1382 in
554 1351 689 1382 modum
708 1350 799 1381 arcis
823 1356 1070 1388 constructum,
1094 1350 1209 1382 adhuc

365 1407 535 1441 timentes,
565 1414 609 1436 ne
633 1404 761 1435 ibidem
786 1404 850 1436 tuti
876 1404 1001 1436 forent.
1051 1403 1207 1441 Quorum

363 1458 538 1491 fastidium
570 1457 684 1488 animo
720 1457 942 1488 carrariensis
973 1457 1089 1488 herois
1119 1457 1208 1489 adeo

364 1518 567 1554 generatum
600 1516 660 1548 est,
692 1510 811 1542 horum
837 1510 1019 1542 tristiciam
1049 1510 1208 1542 conside-

363 1565 470 1597 rantis
502 1570 536 1595 et
560 1564 809 1596 inbecilitatem
839 1562 1014 1606 animique
1045 1574 1207 1605 pavorem

364 1625 398 1650 et
422 1617 605 1655 molestias,
623 1627 708 1658 quas
723 1616 870 1648 subditis
887 1616 1097 1654 inferebant,
1114 1617 1208 1658 quod

363 1671 569 1704 deliberavit
591 1671 684 1712 ipsos
708 1671 742 1701 in
774 1676 899 1711 patavo
919 1665 1106 1702 ‘territorio
1138 1680 1208 1701 non

363 1725 512 1767 amplius
547 1734 735 1761 mansuros,
768 1729 935 1756 conantes
966 1723 1082 1755 verbis
1116 1723 1207 1755 nolle

364 1780 408 1811 ad
425 1780 666 1820 imperatorem
683 1777 873 1819 proficisci,
887 1778 1048 1819 quoniam
1066 1783 1210 1818 propter

364 1832 614 1865 inundaciones
638 1842 706 1863 non
731 1837 891 1872 poterant
919 1841 1095 1872 aquarum.
1141 1830 1209 1861 De-

364 1897 468 1923 mum,
493 1891 568 1928 post
591 1885 774 1916 multorum
806 1884 988 1916 verborum
1021 1884 1209 1921 anfractus,

365 1939 475 1970 missis
510 1939 554 1970 ad
594 1939 836 1979 imperatorem
876 1937 1008 1980 legatis,
1045 1937 1102 1979 qui
1143 1938 1209 1969 iam

365 1992 463 2035 quasi
488 1993 533 2023 ad
557 1991 787 2032 tract[atu]um
801 1991 911 2022 finem
928 1996 1147 2032 pervenerat,
1165 1997 1210 2027 et,

365 2045 572 2088 negantibus
614 2044 830 2081 australibus,
874 2044 1056 2085 completis
1098 2044 1210 2075 firmis

365 2099 446 2135 suis,
470 2098 557 2130 velle
588 2097 733 2138 amplius
764 2098 907 2134 servire,
934 2097 998 2128 nisi
1030 2097 1137 2139 stipes
1161 2097 1211 2128 eis

364 2157 565 2193 presentata
591 2157 690 2188 esset,
717 2157 750 2182 et
775 2150 855 2182 dum
880 2150 992 2188 firme,
1010 2151 1209 2192 priusquam

366 2206 409 2237 ad
426 2206 536 2246 ipsum
560 2209 758 2246 pergerent,
783 2205 1007 2245 expirassent,
1030 2210 1211 2236 contentus

365 2259 432 2290 fuit
454 2258 545 2299 ipsos
569 2258 749 2299 repedare.
786 2257 901 2296 Unde,
924 2258 1079 2299 acceptis
1096 2258 1138 2289 ab
1163 2258 1212 2289 eis

366 2311 513 2343 vadibus
538 2311 580 2342 de
609 2321 675 2341 non
710 2311 925 2344 molestando
954 2312 1128 2343 territorio
1152 2323 1213 2354 pa·-

367 2367 482 2397 duano
506 2365 541 2395 in
567 2365 710 2395 transitu
733 2375 806 2403 suo,
836 2365 899 2396 sub
931 2376 1049 2397 eorum
1082 2365 1213 2408 sigilla-

368 2420 467 2450 cione
485 2417 631 2454 vallatis¹
649 2424 682 2449 et
698 2419 786 2450 datis
803 2419 869 2450 sibi
882 2420 1004 2451 scortis
1017 2419 1211 2457 comitibus,

368 2472 484 2514 quiete
508 2471 612 2502 ducta
638 2482 704 2502 una
728 2478 829 2503 nocte
854 2472 888 2503 in
912 2473 986 2504 solo
1017 2479 1154 2515 patavo,
1178 2473 1211 2504 in

368 2524 581 2556 territorium
613 2525 810 2556 tarvisinum
844 2526 1037 2568 migravere
1066 2535 1101 2558 et
1129 2526 1212 2558 inde

369 2578 412 2609 ad
437 2578 577 2619 propria
602 2577 786 2610 redierunt.

462 2961 484 2984 7.
505 2954 635 2978 eubalum
658 2956 692 2978 „ll
710 2968 739 2972 --
761 2960 802 2986 32.
824 2958 942 2979 tractum
965 2957 999 2979 ,ll

1276 818 1313 848 10

1276 1085 1311 1116 15

1272 1350 1313 1381 20

1271 1617 1311 1648 25

1272 1884 1312 1915 :30

1275 2151 1314 2182 35

1275 2417 1316 2448 40

1277 2681 1316 2712 45

1692 319 1834 350 REDAz.
1864 319 1895 350 D

1369 400 1433 422 con
1459 390 1492 421 le
1509 399 1547 420 so
1563 396 1666 431 gente
1683 390 1727 421 da
1744 389 1866 421 cavalo
1885 396 1919 422 et
1931 391 2069 433 pedoni,
2087 397 2212 433 quanto

1370 442 1436 474 ello
1460 443 1572 484 posse,
1585 448 1675 474 sotto
1695 443 1727 474 el
1746 442 1921 474 conducto
1939 443 1996 475 del
2015 444 2212 476 chavaliero

1369 495 1511 538 egregio
1535 495 1649 528 misier
1672 495 1850 528 Arichoan
1875 497 1910 528 di
1930 496 2160 539 Bucacharin,
2176 508 2213 530 so

1369 549 1541 591 cugnado,
1567 549 1598 579 la
1619 555 1733 587 nocte,
1758 549 1932 582 habiando
1953 560 2019 582 con
2037 549 2093 581 elli
2111 551 2214 593 guide

1369 608 1522 643 experte,
1548 602 1727 638 cavalcho‚
1751 603 1817 634 che
1840 602 1874 633 la
1897 603 2028 634 matina
2051 604 2156 635 nanci
2181 603 2214 635 di

1369 655 1425 686 elli
1440 654 1476 687 fo
1493 655 1637 697 nancile
1650 661 1750 696 porte
1765 655 1808 686 de
1823 655 2013 699 Vincenca,
2030 657 2214 688 mectando

1370 708 1451 750 ogni
1469 718 1550 740 cosa
1564 708 1599 739 in
1618 709 1737 749 preda,
1755 714 1788 739 et
1808 709 2020 751 corsecando
2037 710 2081 740 de
2098 720 2166 752 qua
2183 716 2217 741 et

1370 762 1414 793 de
1430 761 1474 799 la,
1490 762 1578 793 have
1591 772 1636 792 un
1652 760 1786 793 cavallo
1801 761 2031 794 abandonado
2048 762 2093 794 da
2109 763 2216 805 quilli,

1369 815 1434 846 che
1458 815 1490 845 el
1515 815 1626 846 dovea
1642 814 1803 856 guardar,
1823 814 1903 855 pien
1920 815 1962 846 de
1981 816 2159 854 victoarie,
2182 823 2216 848 et

1368 868 1389 899 li
1407 868 1443 899 fo
1461 868 1555 900 facta
1572 878 1641 899 una
1656 867 1772 899 bataia
1789 873 1841 899 tra
1858 864 2017 900 isoldadi
2031 869 2073 900 de
2087 869 2216 913 Vicen-

1369 932 1418 964 ca,
1441 921 1506 952 che
1532 932 1591 952 era
1615 920 1717 951 insidi
1743 920 1787 952 de
1812 921 1923 957 fuora,
1949 931 2014 953 con
2039 922 2134 964 quilii
2159 923 2216 954 del

1368 975 1554 1017 magnifico
1579 974 1695 1017 signor
1718 974 1844 1006 mesier
1861 975 2058 1007 Francesco
2074 976 2118 1007 da
2135 976 2218 1008 Car-

1368 1039 1445 1059 rara
1469 1034 1503 1059 et
1519 1027 1551 1058 la
1576 1032 1691 1069 gente,
1709 1020 1774 1058 che
1791 1037 1850 1058 era
1874 1033 1971 1059 socto
1989 1029 2020 1059 el
2043 1029 2217 1061 conducto

1369 1080 1424 1112 del
1441 1086 1544 1112 conte
1562 1081 1606 1112 da
1619 1079 1704 1112 Cile.
1737 1080 1782 1112 Et
1794 1080 1819 1111 li
1837 1091 1882 1111 un
1900 1091 2030 1124 covene
2046 1082 2171 1114 ardido
2185 1088 2218 1113 et

1369 1134 1518 1170 robusto,
1545 1133 1727 1165 chiamado
1744 1133 1888 1178 Quanne
1908 1135 1951 1166 de
1971 1134 2135 1167 Cavedon
2160 1135 2217 1167 del

1368 1187 1499 1225 Tirale,
1522 1186 1669 1218 soldado
1692 1186 1749 1219 del
1774 1187 1868 1219 dicto
1890 1188 2074 1231 magnifico
2090 1189 2218 1232 signor,

1368 1241 1405 1273 fo
1422 1246 1545 1278 morto,
1562 1246 1598 1272 et
1615 1240 1634 1271 li
1652 1241 1688 1272 fo
1705 1240 1854 1272 brusade
1872 1241 1977 1273 molte
1994 1242 2086 1279 ville,
2104 1242 2136 1274 o'
2153 1243 2218 1275 che

1369 1294 1412 1324 tri
1426 1294 1458 1325 di
1472 1293 1627 1325 continui
1638 1300 1741 1325 stette
1758 1299 1852 1325 tucta
1866 1295 1898 1325 la
1913 1295 2007 1331 dicta
2020 1302 2135 1337 gente.
2159 1295 2219 1328 Ma

1369 1346 1529 1378 mectuda
1545 1357 1612 1378 una
1636 1358 1743 1388 paura
1759 1347 1826 1378 alle
1850 1354 1953 1390 gente
1980 1349 2023 1380 de
2048 1349 2220 1388 Ostorico‚

1369 1407 1403 1433 et
1427 1401 1518 1433 onde
1542 1411 1587 1432 no
1612 1401 1648 1432 fo
1665 1401 1730 1432 ma'
1754 1401 1900 1442 sapudo,
1925 1401 1990 1432 che
2016 1401 2073 1433 elli
2098 1412 2143 1433 no
2160 1413 2220 1433 era

1368 1454 1483 1496 seguri
1500 1455 1533 1486 in
1552 1453 1632 1496 quel
1650 1453 1765 1496 luogo,
1783 1452 1840 1484 elli
1857 1464 1893 1484 se
1910 1460 2016 1485 trasse
2035 1465 2054 1485 a
2072 1454 2107 1486 S.
2125 1453 2220 1486 Mar-

1368 1508 1418 1540 tin
1435 1508 1481 1539 de
1492 1508 1638 1551 sovrael
1652 1512 1768 1539 monte
1781 1507 2037 1540 novellamente
2052 1509 2106 1539 da'·
2122 1509 2219 1541 dicto

1368 1561 1552 1604 magnifico
1571 1560 1690 1604 signor
1707 1561 1751 1592 da
1775 1559 1925 1592 Carrara
1943 1560 2039 1593 facto
2057 1567 2091 1593 et
2108 1567 2220 1594 tracto

1369 1615 1403 1646 in
1422 1615 1523 1646 modo
1542 1615 1585 1646 de
1603 1614 1750 1657 seneca,
1766 1614 1920 1645 anchora
1936 1615 2100 1646 temando
2115 1615 2158 1646 de
2175 1625 2220 1646 no

1368 1679 1460 1700 esser
1476 1668 1592 1710 seguri
1610 1667 1647 1698 in
1665 1667 1697 1698 lo
1715 1667 1808 1699 dicto
1824 1666 1939 1711 luogo.
1970 1668 2012 1699 El
2028 1667 2168 1700 fastidio
2186 1664 2221 1699 di

1369 1722 1461 1764 quali
1479 1722 1506 1753 si
1523 1720 1717 1763 instomago
1741 1720 1769 1752 si
1793 1721 1825 1752 el
1850 1721 1944 1752 dicto
1969 1721 2159 1764 magnifico
2175 1722 2220 1753 si-

1369 1785 1468 1818 gnor,
1494 1773 1746 1807 considerando
1778 1774 1811 1806 la
1841 1774 1992 1806 tristicia
2022 1776 2065 1807 de
2099 1781 2219 1818 questa

1368 1834 1472 1871 gente
1492 1834 1526 1860 et
1543 1828 1575 1859 la
1592 1838 1701 1869 paura
1718 1834 1751 1859 et
1763 1828 1798 1859 la
1811 1826 1956 1859 debilita
1969 1828 2013 1860 de
2030 1828 2168 1860 l’animo
2182 1839 2220 1861 so

1369 1887 1402 1914 et
1418 1881 1449 1912 le
1462 1881 1634 1920 molestie,
1648 1881 1714 1913 che
1727 1887 1814 1914 tutto
1828 1881 1850 1912 ’l
1863 1881 1898 1912 di
1911 1881 1921 1912 i
1935 1881 2031 1913 fasea
2047 1882 2076 1913 ai
2092 1892 2130 1914 so
2142 1883 2220 1914 sub-

1370 1935 1446 1973 diti,
1464 1935 1589 1966 ch'ello
1615 1934 1769 1966 delibero
1795 1935 1859 1966 che
1877 1934 1935 1966 elli
1961 1945 2005 1966 no
2029 1942 2136 1967 stesse
2160 1937 2219 1978 piu

1370 1989 1422 2020 sul
1439 1995 1553 2020 terren
1577 1998 1699 2030 pavan,
1724 1988 1911 2030 allegando
1936 1999 2002 2020 con
2019 1989 2138 2030 parole
2155 1989 2221 2021 che

1370 2042 1427 2074 elli
1444 2051 1488 2073 no
1501 2041 1602 2073 volea
1615 2041 1724 2073 andar
1736 2052 1755 2072 a
1769 2042 2002 2083 l'imperador,
2018 2043 2148 2084 perche
2165 2043 2222 2074 elli

1371 2106 1415 2127 no
1425 2105 1548 2137 possea
1557 2095 1662 2136 perla
1673 2096 1850 2139 grandeca
1863 2095 1955 2127 delle
1967 2105 2066 2138 aque.
2091 2095 2152 2128 Ma
2165 2097 2220 2138 po’

1370 2148 1438 2180 alla
1451 2149 1535 2186 fine,
1552 2148 1628 2180 drio
1644 2148 1749 2180 molte
1767 2149 1898 2181 astucie
1917 2148 1960 2180 de
1978 2149 2110 2190 parole,
2128 2160 2222 2181 man—

1371 2203 1453 2234 dadi
1466 2212 1503 2233 so
1518 2202 1619 2233 messi
1632 2201 1898 2244 affimperador,
1912 2203 1943 2233 el
1957 2202 2036 2245 qual
2050 2213 2110 2234 era
2123 2204 2221 2245 quasi

1371 2256 1525 2298 vignudo
1543 2255 1610 2286 alla
1627 2256 1678 2287 fin
1699 2255 1755 2287 del
1771 2257 1941 2292 tractatio,
1959 2262 1993 2287 et
2010 2257 2172 2299 negando
2190 2256 2221 2287 le

1372 2309 1463 2341 dicte
1480 2314 1583 2351 gente
1601 2309 1644 2341 de
1661 2308 1820 2340 Ostorico
1846 2310 1890 2340 de
1906 2309 2004 2341 volet
2019 2309 2079 2351 piu
2103 2310 2222 2350 servir,

1372 2362 1534 2404 compide
1544 2362 1577 2394 le
1587 2372 1624 2394 so
1637 2362 1758 2399 ferme,
1771 2373 1806 2393 se
1822 2362 1841 2392 ’l
1855 2373 1900 2393 no
1913 2363 1944 2394 ie
1958 2363 2051 2395 fosse
2064 2363 2222 2404 present&

1372 2417 1403 2448 el
1421 2426 1458 2448 so
1470 2415 1579 2453 soldo,
1593 2422 1627 2447 et
1639 2415 1760 2447 siando
1774 2415 1813 2458 ca
1826 2416 1988 2457 compide
2002 2416 2033 2447 le
2047 2416 2140 2448 dicte
2153 2417 2224 2447 fer-

1372 2480 1438 2506 me,
1454 2468 1568 2511 inanci
1586 2469 1650 2500 che
1669 2469 1727 2500 elli
1745 2469 1896 2501 arivasse
1912 2470 1944 2500 al
1963 2469 2058 2501 dicto
2075 2469 2223 2511 impera-

1373 2522 1447 2558 dor‚
1472 2521 1539 2552 ello
1556 2522 1592 2552 fo
1611 2527 1772 2554 contento
1790 2522 1854 2554 che
1880 2522 1937 2554 elli
1955 2533 1991 2554 se
2007 2533 2050 2553 ne
2066 2528 2221 2554 tor-nasse

1372 2586 1392 2606 a
1409 2584 1499 2606 casa.
1523 2574 1637 2612 Unde,
1651 2575 1736 2606 tolto
1750 2575 1794 2606 da
1807 2575 1867 2606 elli
1885 2576 2020 2619 segurta
2037 2582 2072 2608 et
2084 2575 2222 2613 obstan,

1373 2628 1438 2660 che
1463 2627 1520 2659 elli
1537 2638 1606 2659 non
1624 2629 1743 2660 farave
1760 2629 1887 2660 damno
1902 2629 1955 2660 sul
1970 2639 2093 2671 pavan,
2111 2635 2145 2661 et
2160 2630 2221 2661 ha-

1374 2680 1501 2712 hiando
1517 2681 1628 2724 sigilla
1646 2680 1689 2713 de
1702 2691 1740 2713 so
1753 2681 1879 2724 sigelli,
1892 2683 2058 2726 siandoge
2073 2683 2113 2714 da
2128 2692 2222 2714 scor-

1374 2739 1420 2770 ἵε,
1433 2733 1497 2765 che
1514 2734 1525 2765 i
1543 2744 1827 2778 acompagnasse,
1840 2734 1871 2767 le
1887 2735 1979 2767 dicte
1989 2741 2092 2778 gente
2109 2736 2219 2768 dormi

1374 2786 1447 2818 sola
1462 2797 1530 2819 una
1546 2793 1651 2820 nocte
1668 2789 1719 2819 sul
1735 2799 1846 2830 pavan
1868 2794 1901 2820 et
1916 2789 1973 2830 po’
1988 2789 2156 2821 cavalcho
2169 2789 2220 2820 sul

1375 2840 1526 2877 trivisan‚
1550 2847 1585 2872 et
1602 2841 1657 2872 del
1682 2842 1824 2873 trivisan
1848 2851 1884 2873 se
1909 2851 1952 2874 ne
1976 2843 2076 2874 torno
2093 2853 2112 2873 a
2129 2852 2219 2874 casa.
