2346 3597
501 217 672 253 GESTA
700 217 1006 253 MAGNIFICA
1036 217 1222 252 DOMUS
1254 217 1641 254 CARRARIENSIS

473 350 610 382 REDAz.
635 349 667 381 A

145 422 189 454 de
207 423 291 464 ipsis
308 433 424 455 curam
441 433 582 464 parvam
595 428 765 464 gerentes,
783 423 932 455 necdum
946 423 992 455 ad

144 476 324 508 defensam
350 475 579 512 intendentes,
602 476 664 506 sed
680 476 774 517 ipsos
798 476 992 509 invitabant

143 529 190 560 ad
214 538 449 571 congressum.
497 528 602 566 Quod
629 529 752 560 videns
776 529 826 560 vir
850 531 989 572 quidam

144 581 325 618 tirolensis,
349 581 522 622 probitate
546 581 651 612 multa
683 581 840 613 laudatus
866 589 899 613 et
924 583 989 614 hac

142 634 247 666 animi
265 633 392 666 fiducia
410 632 511 675 longe
530 633 639 674 magis
656 632 864 675 laudandus,
881 633 989 666 nomi-

141 698 186 719 ne
198 687 326 729 Ropel,
340 686 558 718 dominorum
573 685 717 717 Mantue
729 686 988 728 stipendiarius,

140 751 209 772 non
241 741 414 772 modicum
446 740 555 771 corde
588 739 711 770 dolens
742 745 792 771 tot
823 740 988 772 nobilium

141 801 256 826 cetum
279 793 442 825 italorum
476 798 509 824 et
540 793 774 824 alemanorum
800 803 863 834 per
886 803 989 835 quos-

141 847 220 878 dam
261 847 297 878 in
328 846 402 888 ipso
434 846 524 878 vallo
559 845 712 878 inclusos
748 847 906 889 anglicos
937 846 986 878 sic

139 899 358 942 parvipendi,
390 899 610 942 imperatoris
633 899 741 941 ipsius
775 901 985 941 presentiam

139 954 246 986 adivit
269 954 336 986 sibi
360 964 510 995 poscens
539 953 634 985 mille
659 959 808 985 armatos
831 953 986 985 exhiberi

138 1007 299 1050 velleque
323 1018 372 1044 se,
396 1007 458 1039 nisi
484 1017 524 1038 ea
548 1007 604 1038 die
622 1006 747 1038 vicerit
763 1005 984 1044 rebellantes,

139 1061 261 1103 capitis
273 1072 365 1102 pena
377 1061 503 1103 puniri.
529 1061 601 1093 Sed
613 1060 712 1092 huius
728 1059 983 1092 animositatem

137 1114 327 1156 imperator
361 1115 435 1156 ipse
471 1114 689 1156 contempsit.
738 1114 880 1145 Interim
913 1115 984 1146 dux

137 1167 284 1200 Bavarie
309 1168 529 1207 Fredericus,
553 1168 611 1210 qui
635 1179 678 1200 ex
702 1168 831 1199 domini
855 1169 986 1200 Berna-

137 1221 236 1253 bonis
258 1222 422 1254 affinitate
446 1222 490 1254 ob
514 1222 634 1259 filiam,
661 1222 790 1264 quique
815 1223 920 1254 tacita
951 1229 984 1254 et

135 1275 358 1316 imperatoris
391 1275 499 1317 ipsius
529 1281 676 1306 noverat
708 1285 845 1313 arcana,
877 1277 984 1317 impe-

135 1336 286 1359 ratorem
309 1328 431 1369 ipsum,
450 1327 646 1370 priusquam
663 1329 774 1359 solum
788 1330 983 1371 actingeret

135 1388 367 1419 mantuanum,
392 1381 435 1413 ab
461 1381 646 1413 Alemania
676 1387 815 1413 secutus
848 1388 910 1419 est,
940 1383 982 1414 de

135 1434 326 1466 concordio
349 1441 558 1466 tractaturus
573 1436 665 1466 inter
679 1435 789 1476 ipsum
807 1436 979 1467 dominum

134 1487 389 1529 imperatorem,
421 1489 615 1521 Ecclesiam
651 1495 684 1520 et
718 1500 835 1521 secum.
868 1490 983 1522 unitos

134 1547 234 1582 parte
258 1552 301 1572 ex
316 1552 395 1580 una,
412 1549 445 1574 et
467 1543 578 1584 ipsum
604 1542 780 1574 dominum
804 1542 979 1575 Bernabo-

134 1604 213 1624 nem
229 1601 328 1635 parte
345 1606 388 1627 ex
405 1596 524 1633 altera,
542 1606 606 1628 ceu
622 1602 743 1638 postea
759 1607 801 1628 ex
825 1597 981 1638 periculo

133 1653 250 1679 notum
275 1656 338 1681 est.
672 1648 675 1650 i

219 2173 294 2206 281.
319 2193 360 2197 --
385 2175 542 2217 Dumque
566 2185 620 2206 res
646 2175 679 2206 in
710 2174 845 2206 seraleo
878 2174 978 2207 Man-

131 2235 236 2261 tuano
247 2229 295 2260 sic
312 2233 479 2272 geruntur
493 2238 618 2270 resque
635 2227 798 2266 consiliis,
815 2234 852 2260 ut
868 2229 977 2270 scrIp-

130 2289 201 2315 tum
218 2287 280 2318 est,
297 2292 432 2314 morose
448 2281 672 2323 protrahitur,
686 2292 752 2323 quo
768 2282 836 2313 iam
852 2292 977 2323 perve-

131 2342 255 2367 nerant
278 2335 468 2367 cardinalis
484 2334 638 2372 albanus,
664 2346 754 2376 pape
779 2345 974 2377 germanus,

132 2395 167 2422 et
197 2389 342 2420 estensis
365 2388 520 2420 marchio
549 2387 718 2420 Nicolaus
740 2389 852 2420 multis
884 2389 977 2421 loco-

130 2453 205 2474 rum
228 2453 367 2474 suorum
392 2442 548 2474 comitati
571 2441 740 2474 nobilibus
765 2448 798 2473 et
814 2443 976 2484 gentibus

131 2495 323 2538 armigeris,
344 2504 412 2537 quo
436 2501 470 2526 et
494 2494 595 2526 etiam
612 2494 676 2526 sub
700 2495 841 2527 ductum
859 2496 975 2527 militis

129 2549 259 2591 egregii
286 2548 416 2580 domini
434 2547 607 2579 Bonifacii
624 2548 667 2580 de
685 2547 801 2589 Lupis,
820 2548 991 2584 Sor-anee-

129 2602 348 2640 marchionis‚
383 2608 616 2643 prevenerant
646 2608 769 2643 gentes
804 2603 974 2644 armigere

128 2655 308 2697 pedestres
345 2661 379 2687 et
413 2660 591 2698 equestres
629 2655 809 2697 magnifici
844 2656 973 2687 domini

130 2708 308 2741 Francisci
339 2709 382 2740 de
414 2707 585 2745 Carraria,
620 2718 685 2739 nec
717 2708 883 2749 potuisset
912 2719 975 2740 un-

128 2773 230 2804 quam
246 2762 437 2803 imperator
450 2762 542 2799 duci,
558 2767 594 2793 ut
610 2764 655 2793 ad
671 2763 861 2793 emulorum
879 2763 974 2794 dam-

127 2825 172 2846 na
195 2821 315 2857 gentes
340 2815 530 2858 armigeras
549 2826 628 2846 suas
652 2822 687 2846 et
711 2821 891 2847 extraneas
922 2815 974 2847 di-

128 2878 284 2900 scurrere
297 2869 520 2910 permisisset,
528 2869 729 2910 supervenit
742 2869 891 2900 Bavarie
905 2869 972 2901 dux

129 2921 172 2952 de
196 2931 283 2962 pace
307 2927 525 2961 tractaturus,
549 2921 594 2953 de
619 2922 836 2964 imperatoris
865 2923 973 2964 ipsius

128 2974 221 3006 iussu
243 2975 288 3006 ad
320 2976 495 3007 dominum
527 2975 702 3007 accedens
734 2975 971 3008 Bernabonem

1055 843 1092 875 10

1054 1109 1090 1140 15

1047 1376 1088 1406 20

1046 1641 1086 1672 25

1042 1909 1084 1939 30

1043 2174 1083 2207 35

1041 2443 1081 2473 40

1040 2710 1078 2741 45

1038 2974 1078 3008 50

1472 350 1614 382 ΚΕΒΑΖ.
1640 351 1671 382 D

1153 422 1250 459 salto,
1274 427 1308 454 et
1331 421 1425 453 facto
1449 421 1471 452 li
1498 433 1560 463 per
1584 423 1615 452 le
1633 422 1723 454 dicte
1748 430 1848 464 gente
1873 424 1997 467 aiguna

1152 481 1289 511 mostra,
1315 474 1347 506 la
1375 475 1467 506 dicta
1491 481 1594 517 gente
1620 474 1664 506 (10
1690 477 1811 507 mesicr
1838 476 1995 508 Beruabt')

1152 527 1346 559 virilmente
1384 528 1560 560 contrario
1593 539 1612 559 a
1643 529 1761 570 quisti;
1801 535 1833 560 et
1866 541 1908 561 no
1940 541 1997 561 era

1152 581 1183 613 el
1207 582 1310 623 luogo
1345 582 1497 612 anchora
1521 581 1548 612 si
1573 582 1671 613 forte.
1718 581 1791 613 Che
1816 593 1850 614 se
1884 583 1997 624 quella

1150 640 1254 677 gente
1280 635 1424 665 lmvesse
1449 634 1609 666 combatu
1626 633 1685 676 pin
1705 635 1907 669 virilmente.
1933 637 1996 667 che

1150 687 1181 718 1η
1199 694 1302 728 gente
1319 687 1361 718 de
1380 688 1521 719 messier
1545 687 1703 719 Rernabo
1722 688 1861 720 havesse
1880 699 1998 730 aspec-

1149 740 1231 771 tado
1255 741 1287 770 el
1311 741 1465 782 segondo
1500 741 1635 780 assalto,
1666 742 1676 771 i
1708 741 1813 782 quali,
1837 742 1994 784 vecando

1148 793 1181 824 la
1196 793 1277 824 vilta
1295 792 1338 824 de
1356 794 1457 835 quisti
1484 801 1518 825 et
1543 793 1691 837 facundo
1716 794 1759 825 de
1784 794 1857 825 loro
1879 795 1995 837 picola

1148 856 1241 884 eura,
1265 857 1309 878 no
1334 846 1524 879 solamente
1550 848 1615 880 che
1640 847 1698 879 elli
1714 848 1911 879 intendesse
1929 858 1994 888 pur

1148 899 1214 930 alla
1238 899 1384 937 deffesa,
1409 911 1463 931 ma
1488 900 1546 931 elli
1571 901 1731 932 invidava
1760 901 1872 932 l’altra
1895 906 1992 942 parte

1147 951 1214 983 alla
1237 953 1401 985 meschia.
1434 953 1485 985 La
1503 954 1581 995 qual
1600 964 1681 986 cosa
1699 954 1855 997 vecando
1872 965 1917 985 un
1935 954 1991 986 del

1147 1005 1277 1043 Tirale,
1303 1006 1404 1037 homo
1431 1006 1579 1039 laudado
1601 1008 1642 1039 de
1659 1007 1766 1038 molta
1783 1007 1940 1049 gaiardia
1960 1013 1992 1038 et

1148 1058 1205 1099 piu
1229 1058 1274 1090 da
1298 1059 1420 1090 laudar
1445 1061 1487 1091 de
1513 1066 1635 1102 questa
1659 1071 1719 1091 soa
1748 1061 1888 1104 fidanca
1922 1061 1995 1091 d'a-

1149 1113 1251 1150 nimo,
1275 1113 1306 1143 el
1338 1112 1416 1154 qual
1451 1113 1558 1144 liavea
1583 1125 1683 1145 nome
1716 1114 1843 1155 Ropel‚
1876 1119 1910 1145 et
1933 1125 1991 1145 era

1148 1166 1243 1197 solda
1262 1166 1295 1197 di
1313 1166 1441 1208 signori
1462 1168 1504 1198 (le
1519 1166 1675 1205 Mantua,
1689 1178 1731 1197 no
1747 1167 1861 1208 pocho
1875 1167 1995 1198 doian-

1149 1219 1231 1250 dose
1257 1218 1413 1263 vecando
1438 1226 1532 1251 tanta
1557 1220 1702 1263 brigada
1728 1221 1770 1251 de
1797 1221 1899 1252 nobili
1933 1222 1994 1251 ita-

1148 1271 1229 1304 liani
1262 1279 1295 1304 et
1328 1272 1370 1304 (10
1406 1273 1589 1305 allemanni
1624 1285 1685 1316 per
1720 1274 1822 1315 pochi
1855 1274 1989 1315 ingilesi

1147 1336 1240 1358 esser
1265 1326 1334 1358 cosi
1360 1326 1455 1369 tigne
1479 1326 1523 1358 da
1547 1328 1673 1368 pocho,
1706 1328 1796 1358 ancli)
1829 1327 1929 1370 nauci
1959 1327 1992 1358 la

1148 1380 1327 1420 presencia
1365 1381 1420 1411 del
1457 1381 1552 1412 dicto
1584 1381 1814 1421 imperadore.
1851 1382 1990 1412 doman-

1147 1433 1263 1464 dando
1288 1435 1352 1465 clie
1377 1434 1443 1465 ello
1467 1445 1511 1476 ge
1537 1434 1614 1465 voia
1640 1435 1701 1465 clar
1733 1434 1824 1465 mille
1861 1434 1989 1465 homini

1145 1486 1276 1518 d’arme
1300 1494 1333 1518 et
1357 1488 1433 1524 che,
1457 1498 1492 1519 se
1516 1488 1552 1519 in
1569 1487 1649 1530 quel
1667 1488 1701 1519 di
1721 1487 1788 1518 ello
1806 1498 1873 1518 non
1890 1487 1989 1518 vince

1146 1540 1178 1571 13
1199 1547 1303 1582 gente
1328 1540 1370 1572 de
1395 1542 1520 1572 mesier
1545 1541 1714 1578 Bernabb,
1738 1541 1805 1572 ello
1831 1540 1906 1571 vole
1925 1540 1988 1571 che

1143 1604 1186 1636 ge
1204 1594 1254 1625 sia
1271 1594 1336 1625 taiir
1354 1595 1385 1625 la
1403 1601 1498 1627 testa.
1535 1594 1593 1625 Ma
1618 1594 1840 1636 l'imperador
1858 1593 1990 1634 despri-

1143 1647 1193 1678 sio
1209 1647 1240 1678 el
1256 1648 1324 1679 bon
1340 1658 1464 1681 anemo
1481 1659 1527 1679 so.
1568 1649 1606 1679 In
1631 1654 1752 1690 questo
1769 1649 1800 1678 01
1825 1648 1909 1679 duse
1924 1649 1988 1679 Fe-

1143 1701 1242 1743 drigo
1266 1702 1310 1733 de
1327 1700 1487 1742 Baviera,
1505 1708 1676 1744 conconto
1701 1702 1744 1732 de
1762 1701 1907 1742 parenta
1921 1710 1987 1731 con

1142 1754 1267 1785 mesier
1291 1754 1451 1786 Bernabi)
1476 1765 1538 1796 per
1563 1755 1595 1785 la
1619 1755 1713 1792 fiola,
1739 1755 1771 1785 el
1789 1755 1871 1796 qual
1886 1764 1987 1785 savea

1142 1807 1251 1839 tuctii
1268 1809 1393 1840 secreti
1411 1809 1453 1839 de
1471 1807 1708 1849 l’imperador,
1726 1809 1770 1839 da
1782 1806 1987 1849 Allemagna

1143 1871 1254 1893 venne
1279 1862 1354 1893 drio
1378 1862 1407 1892 al
1435 1861 1529 1893 dicto
1553 1861 1761 1902 impcrador,
1789 1861 1888 1903 nauci
1920 1861 1986 1892 che

1142 1915 1209 1947 ello
1233 1925 1396 1958 ‚concesse
1414 1925 1491 1946 suso
1509 1915 1539 1945 el
1561 1923 1744 1946 mautoano
1769 1925 1833 1956 per
1856 1920 1985 1946 tractar

1141 1968 1306 2000 d'acordo
1330 1974 1384 2000 tra
1407 1969 1440 2000 el
1464 1969 1557 2000 dicto
1581 1967 1790 2010 imperador,
1807 1968 1840 1999 la
1858 1967 1986 2000 Ghiesa

1142 2028 1175 2052 et
1199 2022 1211 2053 i
1236 2032 1272 2053 so
1299 2022 1424 2063 colliga
1449 2023 1492 2053 da
1515 2032 1581 2052 una
1599 2027 1696 2063 parte
1714 2027 1748 2053 et
1764 2022 1886 2053 mesier
1902 2021 1985 2052 Ber-

1141 2075 1230 2108 nabo
1256 2076 1299 2107 da
1325 2075 1445 2113 l'altra‚
1471 2085 1569 2107 como
1594 2075 1629 2106 fo
1653 2074 1711 2117 poi
1735 2075 1878 2116 sapudo.

1228 2174 1304 2205 281.
1329 2192 1369 2195 ——
1394 2172 1431 2204 Si
1456 2173 1520 2204 che
1546 2171 1732 2204 fasandose
1757 2172 1829 2204 cosi
1855 2172 1886 2204 le
1904 2182 1982 2204 cose

1140 2228 1196 2259 nel
1220 2228 1331 2259 seraio
1356 2228 1398 2258 de
1419 2227 1562 2259 Mantoa
1578 2232 1611 2257 et
1627 2227 1836 2258 menandose
1854 2226 1886 2257 la
1903 2236 1983 2257 cosa

1139 2291 1203 2323 per
1226 2281 1354 2318 eonsei,
1380 2291 1478 2312 como
1495 2280 1513 2311 ὲ
1531 2280 1672 2320 scripto,
1696 2279 1753 2320 piu
1769 2279 1803 2310 in
1822 2279 1923 2322 longa
1948 2285 1982 2309 et

1139 2334 1258 2365 siando
1284 2335 1323 2377 cit
1348 2334 1498 2376 vignudo
1524 2333 1579 2364 dal
1604 2333 1697 2364 dicto
1728 2333 1926 2373 imperador
1950 2332 1981 2362 el

1139 2387 1302 2419 cardenal
1334 2387 1377 2418 de
1414 2386 1502 2418 Alba
1535 2398 1552 2417 e
1589 2386 1610 2416 ’1
1642 2386 1819 2417 marchese
1858 2385 1980 2417 Nicolb

1138 2442 1391 2483 acompagnadi
1416 2440 1460 2472 de
1484 2440 1577 2471 molti
1603 2439 1708 2470 nobili
1726 2439 1761 2471 di
1781 2449 1818 2470 so
1835 2439 1928 2482 luogi
1947 2446 1981 2470 et

1137 2502 1241 2539 gente
1265 2495 1405 2532 d'arme,
1429 2494 1459 2525 0⁹
1478 2493 1628 2524 etiandio
1645 2499 1742 2525 socto
1760 2494 1791 2524 el
1809 2493 1980 2524 conducto

1138 2550 1193 2580 del
1218 2548 1391 2580 cavallero
1416 2546 1558 2588 egregio
1591 2546 1713 2578 mesier
1737 2546 1921 2578 Bonifacio
1946 2546 1979 2576 di

1141 2603 1234 2639 Lovi,
1260 2600 1437 2632 marchese
1456 2599 1499 2631 de
1525 2598 1690 2642 Soragna,
1716 2611 1774 2631 era
1799 2599 1840 2642 ca
1864 2599 1979 2640 previ-

1137 2657 1206 2697 gnn
1224 2656 1253 2687 le
1271 2660 1372 2697 gente
1391 2654 1519 2685 d'arme
1538 2654 1582 2684 da
1599 2653 1653 2694 pe'
1668 2660 1699 2684 et
1715 2654 1758 2684 da
1772 2653 1906 2685 cavallo
1923 2652 1980 2683 del

1137 2709 1318 2751 magnifico
1343 2708 1459 2749 signor
1476 2707 1600 2737 mesier
1618 2707 1814 2738 Francesco
1832 2707 1876 2737 da
1894 2705 1977 2737 Car-

1136 2773 1223 2798 rara,
1248 2772 1302 2792 ma
1327 2771 1369 2792 110
1394 2771 1428 2791 se
1455 2759 1553 2801 posse
1579 2759 1645 2790 mai
1677 2760 1798 2802 piegar
1821 2760 1853 2790 01
1886 2760 1980 2790 dicto

1135 2815 1343 2856 imperador,
1367 2815 1431 2845 elie
1449 2813 1469 2843 ’l
1488 2814 1620 2844 volesse
1638 2813 1743 2845 lassar
1759 2824 1876 2845 correr
1892 2814 1924 2844 le
1941 2824 1978 2844 so

1136 2875 1237 2911 gente
1262 2878 1281 2898 o
1299 2867 1329 2898 le
1351 2868 1530 2899 forestiere
1548 2867 1579 2898 ai
1598 2868 1712 2898 damni
1730 2869 1763 2899 di
1782 2868 1916 2904 inimisi,
1934 2868 1977 2898 fin

1136 2923 1200 2953 che
1226 2932 1268 2952 no
1294 2931 1508 2952 sovravenne
1534 2921 1565 2952 el
1590 2921 1674 2952 duse
1692 2920 1736 2952 de
1754 2921 1900 2952 Baviera
1917 2930 1977 2961 per

1135 2981 1263 3007 tractas
1278 2975 1319 3005 (10
1331 2984 1424 3015 pase,
1442 2974 1471 3005 el
1485 2975 1565 3017 qual
1579 2973 1672 3015 [****J
1690 2984 1757 3006 con
1773 2973 1974 3011 ambaxada,
