2346 3597
713 193 886 229 GESTA
917 192 1219 229 MAGNIFICA
1247 191 1434 227 DOMUS
1465 190 1854 226 CARRARIENSIS

690 327 832 359 REDAZ.
856 326 888 358 A

366 402 432 432 hoc
448 400 640 443 ignorante.
685 397 791 436 Quod
807 397 1006 440 percipiens
1022 397 1212 439 imperator

365 455 440 485 fere
464 453 678 485 exanimatus
701 458 763 490 est,
787 462 924 493 prorsus
941 450 1145 492 concipiens
1162 450 1211 482 vi-

365 505 593 548 tuperabilem
606 516 703 537 suum
720 505 920 541 discessum,
937 504 994 546 qui
1011 503 1211 545 iam'parari

366 558 481 590 omnia
506 559 710 590 decreverat
733 564 766 589 et
789 557 939 598 conponi
961 557 1151 588 sarcinulas
1167 557 1211 588 ad

366 612 442 650 iter,
466 617 500 643 et
525 621 616 643 nunc
634 611 729 653 quasi
749 611 908 646 derisum,
931 611 988 652 qui
1006 610 1212 652 promiserat

365 676 401 697 se
426 665 470 696 ab
494 665 593 697 Italia
616 675 679 706 per
697 664 881 695 triennium
899 674 967 695 non
984 674 1210 701 recessurum,

366 725 526 760 oportere
550 725 617 750 ‘tam
643 717 734 758 turpi
757 717 954 749 secessione
978 717 1091 748 locum
1116 717 1210 754 dare,

366 773 429 804 sub
445 772 674 813 sub[si]diaria
691 781 752 812 spe
770 770 1038 812 magnificorum
1056 770 1209 801 domino-

366 837 440 857 rum
466 825 642 857 Francisci
662 825 703 855 de
720 823 882 855 Carraria
905 829 939 854 et
960 823 1098 855 Nicolai
1123 834 1212 853 mar-

367 879 504 910 chionis
521 877 666 910 estensis
688 877 872 908 rev01vens
889 876 1068 908 intentum.
1107 876 1210 908 Puta-

366 931 425 963 bat
439 931 542 968 enim,
555 930 786 963 annuentibus
799 929 882 966 istis,
896 940 996 970 posse
1010 929 1138 972 absque
1152 930 1212 960 ali-

367 995 512 1026 quorum
529 983 757 1015 oblocucione
782 983 850 1013 suis
868 983 1022 1014 consiliis
1039 989 1072 1014 et
1088 983 1210 1015 favore

366 1039 401 1070 in
419 1038 591 1070 Boemiam
606 1037 755 1080 regredi.
781 1037 842 1068 Set
856 1047 939 1068 ecce
955 1037 996 1068 de
1011 1036 1100 1068 Pisis
1114 1037 1210 1068 tercii

366 1097 640 1133 supervenerunt
653 1090 912 1122 ambaxiatores.
930 1089 1108 1121 Allexerat
1121 1091 1210 1122 enim

366 1146 432 1176 iam
457 1145 653 1186 patriarcha
670 1143 910 1185 Marquardus,
928 1143 987 1184 qui
1003 1142 1101 1176 Pisas
1121 1144 1208 1184 prei*

366 1204 474 1236 verat,
507 1198 702 1239 predictum
734 1197 908 1228 dominum
941 1197 1129 1228 Iohannem
1167 1198 1211 1229 de

366 1250 541 1293 I'Agnella
557 1252 601 1282 ad
618 1251 723 1292 ipsius
739 1251 955 1292 imperatoris
972 1251 1124 1282 actitum.
1149 1251 1210 1282 Sic

366 1304 470 1346 igitur
494 1303 617 1335 diebus
641 1305 760 1346 paucis
783 1305 817 1335 in
843 1305 977 1336 Mutina
998 1305 1210 1346 consumptis

365 1357 537 1398 rebusque
562 1358 706 1399 agendis
722 1358 839 1389 taliter
855 1358 1003 1399 qualiter
1025 1358 1211 1398 dispositis,

366 1411 554 1452 imperator
585 1411 657 1452 ipse
690 1421 810 1441 versus
844 1411 1006 1442 Tusciam
1032 1422 1130 1442 suum
1156 1421 1211 1442 su-

367 1463 474 1504 persit
497 1464 573 1504 iter,
597 1463 667 1501 ubi,
684 1465 833 1507 qualiter
854 1474 891 1495 se
916 1464 1077 1496 habuerit
1094 1471 1127 1496 et
1141 1475 1208 1506 que

367 1517 522 1558 gesserit,
535 1517 649 1548 istorie
674 1528 743 1549 non
767 1524 819 1549 est
842 1518 1012 1559 presentis
1035 1528 1208 1550 enarrare.

459 2328 484 2352 9.
502 2321 646 2345 subdiaria
667 2323 702 2344 M

1277 820 1314 850 10

1277 1086 1312 1117 15

1273 1353 1314 1383 20

1270 1617 1310 1649 25

1271 1886 1312 1916 30

1272 2150 1312 2182 35

1691 322 1834 354 REDAZ.
1858 322 1890 353 D

1371 395 1476 437 quelli
1499 394 1606 436 luogi,
1630 399 1666 425 et
1689 393 1843 426 etiandio
1875 403 1941 426 con
1966 403 2152 435 promesse,
2176 403 2211 425 se

1370 449 1463 479 fosse
1487 447 1644 489 bisogno,
1668 452 1703 478 et
1735 447 1800 478 che
1832 447 2047 478 confortasse
2080 445 2214 478 I’andar

1371 502 1414 532 de
1439 500 1658 541 l'imperador
1673 500 1709 530 in
1726 500 1838 541 quelle
1855 505 1964 541 parte.
2003 499 2064 530 Ma
2079 499 2112 530 in
2130 510 2214 541 que-

1369 560 1421 586 sto
1453 563 1561 595 meco⁹
1593 563 1693 584 como
1725 553 1820 594 quasi
1856 557 1976 594 questa
2008 561 2089 583 cosa
2120 552 2213 583 fosse

1369 607 1465 638 facta
1490 617 1509 636 a
1533 616 1623 643 man,
1649 607 1680 637 el
1704 615 1920 637 sovravenne
1938 606 1969 636 al
1987 605 2083 636 dicto
2106 605 2215 646 impe-

1369 660 1473 691 rador
1496 659 1574 690 altri
1599 658 1797 690 ambaxaori
1822 658 1878 689 del
1893 658 2062 700 ‚predicto
2091 657 2214 689 mesier

1370 713 1513 757 Cuanne
1532 711 1776 753 dall’Agnella‚
1800 712 1812 742 i
1828 711 1920 753 quali
1940 712 2052 743 dovea
2067 721 2215 742 revocat

1370 766 1377 796 i
1404 766 1506 808 primi
1530 771 1564 796 et
1587 775 1705 796 scusar
1729 775 1748 795 a
1771 763 2005 806 l’imperador,
2030 765 2095 795 che
2119 763 2164 795 da
2187 763 2215 795 si

1370 818 1546 851 medesimi
1571 818 1630 849 elli
1647 829 1706 849 era
1722 817 1851 849 andadi
1867 827 1886 848 a
1903 818 1960 855 lui,
1985 817 2017 848 el
2033 827 2070 848 so
2087 827 2216 859 segnor

1370 883 1438 904 non
1469 870 1637 913 sapiando
1662 871 1788 912 alguna
1811 865 1902 902 cosa.
1948 869 1998 902 La
2022 871 2102 912 qual
2134 879 2215 901 cosa

1372 925 1510 956 odando
1536 924 1566 955 ei
1587 924 1681 955 dicto
1705 924 1913 965 imperador,
1934 924 2049 965 pocho
2068 924 2111 954 de
2135 933 2213 954 men

1371 978 1435 1009 che
1461 978 1528 1009 ello
1554 988 1597 1008 no
1622 976 1687 1008 insi
1712 977 1755 1007 de
1779 976 1819 1013 si,
1844 977 2023 1017 pensando
2043 976 2110 1007 alla
2127 976 2215 1006 vitu-

1371 1032 1535 1074 perevole
1558 1022 1794 1072 partidajche
1820 1030 1887 1061 ello
1911 1029 2098 1072 convignia
2129 1029 2215 1065 fare,

1371 1091 1405 1116 et
1429 1085 1455 1116 si
1478 1094 1515 1116 se
1540 1084 1649 1115 havea
1674 1083 1714 1126 ca
1730 1083 1894 1124 desposto
1912 1083 1956 1114 de
1975 1082 2030 1113 far
2053 1081 2216 1124 appariar

1370 1138 1451 1180 ogni
1468 1148 1549 1169 cosa
1565 1148 1628 1178 per
1645 1143 1814 1168 mecterse
1831 1135 1899 1167 aua
1915 1137 1982 1173 via,
1998 1135 2215 1178 tegnandose

1370 1191 1468 1233 quasi
1482 1190 1636 1227 beffado‚
1657 1190 1720 1221 che
1734 1190 1845 1220 havea
1857 1199 2033 1231 promesso
2047 1189 2121 1220 sina
2133 1188 2214 1219 anni

1369 1244 1413 1275 tri
1439 1254 1482 1274 no
1507 1255 1542 1274 se
1568 1243 1676 1285 partir
1699 1243 1743 1274 de
1763 1243 1874 1280 Italia,
1890 1249 1924 1274 et
1947 1242 2015 1273 mo'
2036 1241 2216 1284 convignir

1370 1303 1566 1328 retornarse
1591 1297 1617 1327 si
1643 1298 1873 1334 brutamente‚
1888 1295 2101 1337 revoleando
2117 1293 2215 1326 l'ani-

1371 1360 1425 1381 mo
1450 1360 1488 1381 so
1512 1356 1609 1381 socto
1633 1350 1666 1380 la
1690 1360 1860 1391 speranea
1884 1349 1928 1380 de
1954 1349 2058 1379 l’aida
2083 1348 2117 1380 di
2145 1358 2216 1378 ma-

1370 1403 1516 1445 gnifichi
1542 1403 1674 1445 signori
1698 1402 1822 1433 mesier
1846 1402 2044 1433 Francesco
2069 1402 2114 1433 da
2129 1401 2214 1433 Car-

1369 1467 1446 1487 rara
1470 1462 1504 1487 et
1528 1455 1658 1487 Nicolo
1683 1455 1863 1486 marchese
1890 1455 1997 1495 d’Est,
2022 1454 2153 1496 perche
2183 1453 2215 1485 ei

1368 1522 1404 1542 se
1428 1520 1578 1552 pensava
1600 1509 1678 1553 che,
1704 1507 1942 1540 consentando
1966 1506 2067 1550 quisti
2091 1507 2138 1538 du
2169 1507 2215 1538 si-

1369 1563 1480 1606 gnori,
1505 1572 1573 1594 con
1596 1573 1633 1594 so
1658 1562 1792 1594 conseii
1817 1569 1852 1593 et
1875 1562 1996 1592 favore
2022 1561 2053 1591 el
2070 1571 2217 1601 posseva

1369 1624 1487 1650 tornar
1510 1616 1546 1647 in
1569 1615 1712 1647 Boemia
1736 1625 1841 1659 senca
1864 1615 2053 1657 straparlar
2089 1615 2133 1646 de
2164 1614 2215 1645 al-

1368 1680 1448 1712 gun.
1495 1669 1555 1701 Ma
1580 1669 1669 1700 echo
1695 1669 1739 1700 da
1763 1668 1843 1700 Pisa
1866 1669 1981 1711 vignir
2004 1668 2012 1698 i
2038 1668 2122 1710 terei
2146 1678 2216 1698 am-

1369 1722 1522 1755 baxaori.
1558 1722 1678 1753 Havea
1701 1723 1742 1765 ca
1767 1722 1980 1764 Marquardo
2004 1721 2214 1763 patriarcha,

1369 1777 1433 1808 che
1458 1787 1517 1807 era
1541 1776 1679 1808 andado
1704 1775 1804 1818 nauci
1829 1786 1848 1806 a
1871 1774 1961 1812 Pisa,
1986 1785 2088 1816 preso
2113 1780 2148 1806 et
2163 1785 2216 1806 se-

1369 1830 1473 1861 ducto
1497 1829 1624 1861 mesier
1648 1829 1792 1873 ‚Cuanne
1817 1827 2063 1871 dass’AgneUa,
2083 1839 2103 1859 a
2121 1828 2217 1860 chia—

1368 1894 1442 1914 mar
1460 1882 1689 1924 l'imperador.
1723 1881 1766 1914 Et
1780 1881 1851 1913 cosi
1864 1881 1985 1913 siando
1999 1887 2050 1913 sta
2065 1881 2097 1913 di
2111 1881 2215 1923 pochi

1369 1948 1388 1967 a
1415 1935 1568 1968 Modena
1592 1942 1626 1967 et
1658 1936 1832 1967 habiando
1867 1936 2023 1977 desponsi
2055 1935 2087 1966 le
2123 1944 2216 1971 cose,

1370 1991 1434 2022 che
1448 2000 1485 2022 se
1504 1991 1615 2021 dovea
1639 1990 1704 2027 far,
1729 1999 1827 2020 como
1846 1988 1912 2020 elle
1928 1989 1976 2026 fo,
1994 1988 2026 2019 el
2043 1988 2136 2019 dicto
2154 1987 2217 2018 im-

1370 2044 1519 2085 perador
1536 2054 1635 2085 prese
1654 2043 1684 2074 la
1701 2053 1759 2074 soa
1777 2044 1833 2074 via
1849 2052 1950 2074 verso
1968 2042 2140 2074 Toscana.
2176 2041 2215 2072 In

1370 2098 1402 2128 la
1426 2098 1505 2140 qual
1530 2103 1641 2138 parte,
1666 2107 1766 2128 como
1792 2097 1823 2128 el
1846 2107 1882 2128 se
1906 2102 2060 2137 portasse
2085 2101 2119 2127 et
2135 2095 2217 2137 quel

1371 2152 1436 2182 che
1461 2150 1482 2180 'l
1506 2151 1607 2187 iesse,
1625 2151 1678 2182 ala
1702 2156 1862 2192 presente
1886 2159 1969 2181 ovra
1993 2159 2037 2180 no
2061 2149 2214 2190 apartien

1371 2205 1414 2236 de
1439 2215 1589 2236 narrare.
