2346 3597
71 515 89 546 5

51 781 89 813 10

58 1063 88 1090 15

53 1288 89 1314 20

53 1512 87 1539 25

52 1778 88 1805 30

52 2001 86 2028 35

45 2289 86 2320 40

45 2608 88 2641 45

121 286 258 317 scriptum
277 286 387 315 Inveni,
406 285 567 317 exemplavi
585 286 613 309 et
632 284 825 316 corroboravi,
848 285 890 309 nll
911 285 940 308 in
961 292 994 309 eo
1015 284 1120 309 addens
1142 285 1185 308 vel
1206 285 1345 313 minuens,
1372 285 1446 316 quod
1467 291 1581 309 sensum
1603 287 1644 310 vel
1671 288 1847 310 sentenciam
1872 289 1967 311 mutet

125 330 168 354 vel
188 331 288 360 variet,
307 332 437 355 currente
455 337 532 354 anno
545 330 664 354 Domini
685 329 838 353 millesimo
858 331 1057 354 trecentesimo
1071 330 1317 362 quinquagesimo,
1336 329 1485 354 indicione
1505 332 1602 358 tercia,
1618 331 1663 354 die
1677 332 1809 355 mercurii
1825 332 1964 363 vigesimo

122 376 211 399 tercio
231 377 336 399 mensis
355 375 439 406 iunii,
462 375 601 407 regimine
624 374 779 398 antedicto.

209 464 261 494 00.
287 481 327 486 —
351 463 526 494 Particula
548 461 607 494 del
630 467 835 494 testamento
861 472 943 494 over
973 461 1016 494 de

118 515 262 547 l'ultima
286 516 425 547 volunta
455 516 512 548 del
542 515 777 556 sovrascripto
801 514 926 546 mesier
956 514 1018 546 Al-

118 568 218 611 brigo
241 568 342 605 Lion,
362 568 442 600 fiolo
467 569 531 599 che
556 568 593 599 fo
616 568 660 599 de
693 567 817 598 mesier
848 567 1014 610 Henrigo,

118 621 205 653 ditto
233 622 439 659 Francesco,
463 621 592 662 scripto
609 631 671 662 per
688 620 818 658 Simon,
836 631 954 659 noaro,
971 620 1014 652 de

117 680 238 707 sancta
261 675 369 706 Lucia
392 684 435 706 ne
459 674 573 706 l'anno
598 673 656 705 del
679 672 808 716 Signor
838 674 930 706 mille
955 675 1014 706 du-

117 733 216 759 sento
238 733 398 769 septanta
429 737 528 764 nove,
558 727 715 759 indicion
745 727 902 768 septima,
934 739 955 759 a
978 728 1014 759 di

119 786 189 813 otto
221 782 374 813 ensando
398 790 508 821 maco,
535 790 634 812 como
659 781 702 812 de
726 786 818 812 sotto
843 791 879 812 se
903 781 980 824 lege
995 780 1013 813 ¹.

1160 463 1211 493 60.
1235 479 1279 484 —
1307 462 1392 494 Pars
1421 463 1638 494 instrumenti
1669 464 1739 494 sive
1767 464 1884 496 ultime
1910 475 1967 496 vo-

1071 515 1210 547 luntatis
1232 515 1423 556 supradicti
1447 515 1577 547 domini
1603 515 1749 553 Albrici,
1774 517 1832 548 tilii
1861 528 1970 559 quon-

1071 569 1150 600 dam
1175 569 1307 600 domini
1335 568 1478 600 Henrici
1511 568 1593 600 dicti
1626 570 1815 608 Francisci,
1848 570 1968 612 scripti

1070 630 1133 662 per
1146 620 1352 657 Simeonem,
1367 621 1549 662 notarium,
1569 631 1586 651 a
1601 627 1721 653 sancta
1741 622 1860 660 Lucia,
1879 634 1967 655 anno

1070 675 1210 706 Domini
1235 675 1416 706 millesimo
1447 676 1683 707 ducentesimo
1715 677 1968 719 septuagesimo

1069 738 1170 769 nono,
1194 728 1385 760 indictione
1409 728 1567 769 septima,
1591 729 1648 759 die
1672 735 1795 761 octavo
1819 736 1968 761 exeunte

1069 781 1170 818 maio,
1195 787 1232 812 ut
1256 782 1348 813 infra
1372 783 1517 824 legetur.

208 887 390 920 Quapropter
409 887 543 912 dominus
563 887 697 912 Albricus
715 887 783 918 Leo,
805 888 881 912 filius
900 889 1042 919 quondam
1064 888 1175 912 domini
1196 888 1342 912 Francisci
1364 889 1396 912 de
1422 888 1564 919 Carraria,
1591 889 1694 912 timens
1722 897 1755 913 ne
1775 891 1807 913 ab
1829 891 1968 914 intestato

119 933 273 964 decederet,
293 939 360 956 sane
380 933 483 956 ment1s
502 934 530 956 et
549 933 621 956 bone
635 933 770 956 memorie
789 933 925 960 existens,
945 940 1025 956 suum
1045 940 1094 965 per
1115 933 1361 964 nuncupacionem
1383 933 1438 956 talc
1458 933 1593 957 condidit
1616 936 1825 958 testamentum.
1861 935 1893 958 In
1910 935 1968 966 pri-

121 979 174 1001 mis
191 977 268 1010 eligo
289 978 461 1009 sepulturam
483 985 571 1001 meam
591 978 665 1009 apud
686 977 835 1002 ecclesiam
858 978 977 1001 fratrum
1004 979 1146 1001 minorum
1171 978 1248 1001 beati
1275 979 1365 1002 sancti
1394 978 1548 1002 Anthonii.

1219 1022 1288 1046 Item
1313 1023 1378 1054 lego
1399 1023 1497 1046 soldos
1519 1024 1625 1054 viginti
1649 1024 1833 1048 denariorum
1858 1032 1970 1055 grosso-

1586 978 1655 1002 Item
1682 980 1745 1011 lego
1769 987 1853 1011 supra
1880 987 1966 1003 ineam

119 1022 292 1054 sepulturam
313 1022 402 1046 libras
422 1023 573 1054 sexaginta
593 1021 776 1046 denariorum
799 1024 962 1046 venetorum
985 1022 1181 1054 parvulorum.

120 1074 180 1090 rum
200 1068 365 1090 venetorum
386 1066 421 1090 ad
442 1067 601 1090 faciendam
621 1068 649 1090 et
675 1066 870 1090 instruendam
900 1067 1075 1098 sepulturam
1100 1074 1197 1095 meam,
1224 1068 1377 1091 secundum
1403 1068 1479 1099 quod
1507 1068 1607 1091 melius
1638 1068 1784 1092 videbitur
1809 1069 1967 1099 guardiano

120 1111 238 1135 fratrum
259 1113 402 1135 mInorum
422 1112 455 1136 de
474 1111 578 1142 Padus,
599 1113 646 1144 qui
668 1119 719 1143 pro
738 1114 866 1143 tempore
887 1112 984 1141 fuerit,
996 1114 1024 1136 et
1044 1113 1114 1136 meis
1129 1114 1305 1136 comissariis
1320 1113 1523 1145 infrascriptis.
1558 1114 1623 1137 Item
1637 1114 1708 1137 inter
1728 1118 1827 1141 celera,
1840 1123 1888 1145 que
1903 1118 1967 1144 pre-

112 1156 195 1188 fatus
214 1157 239 1180 d.
259 1157 386 1180 Albricus
405 1157 460 1181 Leo
479 1157 505 1180 in
525 1157 595 1180 dicto
615 1159 771 1180 testamento
790 1157 908 1188 legavit,
929 1157 997 1180 ‹itti-it
1009 1160 1036 1180 et
1054 1157 1208 1181 ordinavit:
1224 1157 1294 1180 Item
1314 1158 1378 1189 lego
1393 1158 1419 1181 d.
1435 1158 1636 1181 Bai-tholomeo
1651 1157 1684 1181 de
1704 1157 1798 1182 Cessis
1819 1159 1852 1182 de
1871 1159 1967 1183 Padua

120 1201 209 1225 libras
229 1202 338 1234 viginti
358 1203 484 1233 quinque
503 1202 686 1225 denariorum
712 1203 881 1225 venetorum
901 1201 1086 1233 parvulorum
1113 1201 1147 1225 de
1173 1203 1242 1225 meis
1262 1202 1356 1226 bonis.
1393 1202 1463 1226 Item
1485 1203 1515 1226 in
1536 1203 1671 1226 omnibus
1696 1203 1763 1226 aliis
1789 1204 1872 1227 bonis
1900 1205 1968 1227 meis

120 1253 255 1279 pauperes
276 1246 385 1271 Christi
407 1246 476 1270 mihi
500 1245 616 1269 heredes
644 1246 778 1270 instituo.
816 1246 894 1269 Meos
922 1247 1015 1270 antem
1042 1246 1293 1270 fideicomissarios
1319 1248 1346 1270 et
1372 1249 1518 1270 exactores
1544 1249 1571 1270 et
1597 1250 1813 1271 conservatores
1838 1249 1966 1271 omnium

119 1298 245 1315 meorum
265 1291 406 1314 bonorum
426 1292 454 1315 et
473 1290 676 1314 distributores
703 1297 761 1314 mee
787 1291 888 1314 ultime
915 1290 1076 1314 voluntatis
1102 1291 1179 1322 eligo
1207 1291 1342 1315 dominos
1367 1291 1496 1323 Ugonem
1524 1292 1673 1321 Denarios,
1699 1292 1845 1316 doctorem
1864 1293 1966 1323 legum,

119 1343 145 1366 q.
164 1335 190 1361 d.
209 1334 354 1364 Patavini,
372 1335 486 1368 judicis,
498 1335 532 1359 de
549 1334 646 1358 Medio
666 1335 786 1363 Abbate,
806 1337 833 1359 et
852 1335 1017 1359 Federicum
1033 1335 1204 1367 Caputliste,
1218 1343 1251 1359 eo
1265 1338 1360 1359 tamen
1376 1338 1483 1367 tenore,
1497 1337 1572 1368 quod
1588 1337 1709 1368 predicti
1729 1338 1783 1361 mei
1798 1338 1967 1367 comissarii‚

117 1381 263 1404 exactores
283 1381 311 1403 et
330 1381 545 1404 conservatores
566 1379 694 1403 omnium
715 1387 841 1403 meorum
862 1380 1000 1404 bonorum
1021 1381 1048 1404 et
1067 1382 1234 1404 executores
1254 1382 1281 1404 et
1302 1380 1507 1404 distributores
1529 1389 1585 1404 mee
1605 1381 1707 1404 ultime
1728 1382 1888 1406 voluntatis
1908 1389 1968 1413 pre-

117 1424 196 1448 dicta
216 1431 276 1448 mea
296 1425 390 1456 legata
409 1426 437 1448 et
457 1424 530 1448 male
549 1424 646 1448 ablata
666 1426 693 1448 et
712 1425 877 1456 supradicta
897 1425 1013 1456 singula
1040 1427 1067 1448 et
1087 1425 1221 1449 universa
1247 1426 1426 1456 exequantur
1452 1427 1479 1449 et
1507 1426 1596 1449 facere
1622 1425 1742 1449 debeant
1762 1428 1788 1449 et
1815 1428 1967 1450 teneantur

117 1476 179 1493 cum
200 1469 325 1493 consilio
345 1469 446 1492 habito
464 1471 492 1493 et
511 1469 634 1493 obtento
654 1470 681 1492 et
702 1469 852 1493 voluntate
871 1476 1005 1501 expressa
1024 1469 1175 1501 guardiani
1197 1469 1318 1494 fratrum
1339 1471 1483 1494 minorum
1504 1470 1537 1494 de
1556 1469 1658 1501 padua,
1685 1471 1734 1501 qui
1762 1479 1835 1494 nunc
1860 1473 1902 1495 est
1923 1471 1966 1495 vel

119 1523 171 1548 pro
189 1516 316 1546 tempore
336 1514 424 1538 suerit
444 1518 502 1544 etc„
522 1518 551 1538 ut
569 1515 596 1538 in
615 1515 672 1544 ipso
696 1515 848 1538 continetur
867 1517 1032 1538 testamento.

207 1559 234 1583 S.
254 1559 291 1582 Ν.
310 1558 371 1590 Ego
391 1558 517 1586 Simeon,
536 1557 679 1589 quondam
698 1557 881 1582 Marchoardi
902 1565 919 1581 a
938 1557 1042 1582 Sancta
1062 1556 1160 1585 Lucia,
1181 1558 1340 1590 imperialis
1361 1559 1423 1582 aule
1444 1561 1583 1587 notarius,
1597 1561 1625 1583 et
1645 1568 1659 1583 a
1680 1561 1817 1584 testatore
1837 1560 1966 1592 predicto

117 1604 234 1634 rogatus
253 1604 282 1626 et
301 1602 336 1626 ad
355 1602 405 1626 hec
426 1602 592 1635 specialiter
611 1604 795 1630 convocatus,
816 1601 955 1633 predictis
975 1602 1110 1626 omnibus
1130 1602 1249 1626 interfui
1270 1604 1297 1626 et
1324 1603 1374 1626 hec
1395 1604 1506 1635 scripsi.

205 1691 265 1724 Ego
285 1689 310 1724 [*
324 1689 358 1724 *1,
382 1692 468 1715 iudex
491 1691 705 1723 infrascriptus,
725 1691 890 1723 subscripsi.

206 1736 265 1768 Ego
285 1735 388 1760 Daniel
410 1736 539 1760 notarius
559 1743 575 1759 a
594 1736 726 1765 Statutis,
746 1737 840 1759 socius
859 1737 886 1758 et
906 1737 989 1759 testis
1011 1736 1222 1767 infrascriptus,
1243 1743 1285 1759 me
1308 1736 1464 1768 subscripsi
1486 1738 1513 1760 et
1532 1737 1685 1761 ascultavi.

207 1780 235 1805 S.
255 1781 291 1804 Ν.
311 1780 371 1811 Ego
391 1780 562 1810 Bernardus,
580 1781 651 1804 olim
672 1780 698 1804 d.
717 1780 794 1804 Petri
814 1780 919 1812 judicis
940 1779 972 1803 de
989 1779 1111 1804 Casellis
1125 1780 1209 1810 filius,
1224 1780 1296 1803 civis
1310 1780 1466 1812 paduanus,
1482 1781 1614 1805 notarius
1629 1782 1770 1813 imperiali
1785 1782 1968 1810 auctoritate,

117 1826 244 1849 existens
263 1825 293 1849 in
313 1825 407 1849 officio
427 1825 587 1849 communis
608 1825 703 1849 Padue
723 1825 757 1849 ad
778 1825 886 1849 discum
906 1825 1016 1855 Dulcis,
1038 1832 1133 1848 coram
1154 1825 1282 1858 sapiente
1308 1826 1336 1849 et
1361 1825 1486 1850 dlscreto
1506 1827 1568 1849 viro
1593 1826 1714 1849 dommo
1741 1826 1827 1859 Qiglo
1854 1826 1886 1850 de
1913 1825 1967 1850 Ca-

118 1870 181 1899 sali,
201 1870 295 1903 judice
314 1872 342 1894 et
361 1869 478 1894 officiali
497 1870 658 1894 communis
677 1870 773 1894 Padue
791 1869 827 1893 ad
848 1870 956 1893 dictum
976 1869 1086 1893 discum
1106 1869 1216 1899 Dulcis,
1243 1870 1423 1901 presentibus
1449 1871 1568 1894 Daniele
1595 1872 1709 1894 notario
1736 1878 1750 1894 a
1776 1870 1907 1900 Statutis,
1934 1871 1967 1894 de

117 1916 249 1939 contrata
268 1914 367 1938 Sancti
387 1914 590 1943 Bartholamei,
616 1914 706 1938 Paulo
732 1914 856 1942 notario,
877 1914 1021 1945 quondam
1049 1914 1161 1938 domini
1186 1914 1306 1938 Tisonis
1333 1914 1366 1937 de
1386 1916 1486 1938 sancto
1506 1915 1628 1946 Angelo,
1648 1915 1681 1938 de
1708 1916 1841 1938 contrata
1867 1914 1965 1938 Sancti

117 1959 211 1984 Iacobi
232 1960 330 1991 pontis
350 1959 592 1989 Molendinorum,
613 1961 640 1983 et
658 1959 788 1988 Isnardo,
808 1959 933 1986 notario,
953 1966 978 1990 q.
1006 1959 1033 1982 d.
1060 1958 1224 1987 Romanati,
1252 1959 1284 1982 de
1310 1960 1443 1983 contrata
1462 1958 1561 1982 Sancti
1586 1959 1671 1989 Petri,
1697 1959 1815 1982 testibus
1842 1960 1966 1983 notariis
2010 1984 2013 1986 ,

117 2005 145 2028 et
164 2004 252 2027 sociis
271 2003 306 2027 ad
327 2003 434 2027 dictum
455 2003 574 2031 discum,
585 2005 613 2027 et
625 2003 702 2032 aliis,
723 2003 795 2027 dicti
807 2002 914 2036 judicis
928 2005 1006 2036 J‘ussu
1027 2004 1054 2027 et
1067 2005 1248 2032 auctoritate,
1264 2005 1437 2027 statutorum
1453 2004 1612 2026 communis
1626 2003 1721 2027 Pidue
1734 2003 1919 2027 solemnitate
1939 2006 1966 2027 et

119 2049 209 2072 forma
228 2050 348 2075 servata,
368 2049 591 2080 suprascriptum
613 2049 815 2072 testamentum
835 2056 870 2072 ex
889 2048 1051 2072 auttentico
1072 2048 1231 2079 supradicti
1251 2048 1394 2072 Simeonis
1415 2048 1523 2072 notarii
1544 2056 1569 2078 q.
1590 2048 1769 2071 Marchoardi
1789 2056 1805 2071 a
1824 2048 1852 2072 S.
1878 2047 1966 2072 Lucia

117 2093 239 2117 fideliter
256 2093 415 2126 exemplavi
436 2094 575 2124 signoque
595 2101 656 2116 meo
677 2093 765 2117 sollto
786 2093 933 2123 roboravi,
954 2092 997 2116 nil
1018 2094 1047 2116 in
1068 2101 1100 2117 eo
1121 2093 1226 2116 addens
1248 2093 1292 2116 vel
1313 2093 1453 2122 minuens,
1479 2092 1553 2124 quod
1579 2100 1691 2116 sensum
1720 2093 1763 2116 vel
1790 2093 1963 2116 sentenciam

116 2140 206 2162 mutet
225 2140 275 2162 aut
294 2139 394 2168 variet,
412 2140 544 2162 currente
563 2145 639 2162 anno
660 2138 779 2161 Domini
805 2137 960 2162 millesimo
985 2139 1185 2162 trecentesimo
1211 2138 1459 2169 quinquagesimo,
1486 2137 1634 2161 indicione
1659 2139 1756 2167 tercia,
1782 2137 1828 2161 die
1854 2138 1966 2161 veneris

115 2183 224 2207 decimo
245 2184 350 2206 octavo
371 2183 474 2206 niensis
496 2182 574 2213 maii,
594 2182 733 2214 regimine
754 2182 861 2206 nobilis
883 2183 936 2206 viri
952 2182 978 2206 d.
994 2182 1081 2206 Masei
1101 2181 1259 2206 Contarini
1275 2183 1307 2206 dc
1323 2182 1464 2209 Veneciis‚
1479 2183 1561 2206 civit.
1576 2181 1669 2206 Padue
1684 2182 1787 2206 honor.
1803 2183 1966 2214 potestatis.

257 2288 387 2320 XVIII.
414 2306 455 2310 —
480 2287 646 2320 Dominus
669 2288 870 2320 Francesco.

204 2395 256 2426 61.
281 2394 360 2436 [27].
386 2412 429 2417 —-
452 2394 551 2427 Fiolo
568 2393 717 2426 succede
735 2406 755 2425 a
771 2395 894 2426 mesier
911 2394 1014 2427 Piero

115 2448 226 2480 Conte
242 2449 287 2480 da
304 2448 463 2480 Carrara.
509 2448 562 2480 De
579 2453 700 2490 questo
717 2448 843 2480 mesier
863 2450 1014 2480 France-

114 2512 174 2534 sco
198 2501 230 2533 io
253 2508 351 2533 trovo
375 2512 418 2532 ne
442 2501 558 2533 l’anno
582 2500 639 2533 del
664 2501 810 2544 Signore
835 2501 928 2534 mille
953 2503 1015 2534 du-

114 2561 213 2587 sento
235 2560 487 2596 septantanove
512 2554 618 2586 haver
641 2555 830 2596 compi-ado
854 2555 957 2587 molte
981 2562 1015 2586 et

115 2609 220 2641 molte
243 2608 450 2650 possession,
467 2615 568 2646 terre,
585 2607 744 2640 sedimini
760 2614 795 2640 et
810 2618 890 2640 case
906 2609 952 2640 da
969 2620 1014 2640 un

115 2662 241 2694 mesier
264 2661 471 2699 Francesco,
496 2661 561 2693 che
595 2661 631 2692 fo
656 2662 699 2693 de
724 2661 849 2693 mesier
880 2661 1013 2694 Uberto

115 2715 300 2748 Bocadava
322 2715 401 2747 dela
418 2716 587 2747 contrada
603 2716 646 2746 de
664 2715 734 2747 San
751 2715 898 2753 Mathio,
915 2726 1014 2748 como

114 2779 178 2811 per
201 2769 235 2801 lo
259 2774 349 2801 sotto
373 2769 502 2810 scripto
525 2768 753 2801 instrumento
778 2779 907 2811 appare
920 2769 942 2801 ².

206 2904 215 2920 ¹
235 2904 282 2929 Cf.
301 2904 429 2932 Ceos-no,
450 2905 549 2928 Albero
568 2906 626 2933 cit.,
646 2912 673 2936 p.
694 2911 734 2928 22.

206 2945 216 2962 ²
236 2947 288 2971 Per
302 2946 554 2972 l’identificazione
569 2947 631 2971 vedi
647 2954 731 2980 sopra
746 2955 772 2978 p.
792 2954 850 2976 201,
872 2954 898 2970 n.
923 2955 942 2971 1.
970 2947 1014 2971 Cf.

1200 2287 1328 2319 XVIII.
1357 2306 1395 2309 —
1428 2287 1594 2319 Dominus
1618 2287 1831 2318 Franciscus.

1157 2394 1209 2426 61.
1221 2393 1298 2435 [27].
1311 2393 1469 2425 -Filius
1482 2393 1620 2425 domino
1633 2393 1738 2425 Petro
1748 2393 1874 2425 Comiti
1888 2404 1965 2425 suc-

1067 2448 1180 2484 cessit,
1200 2446 1261 2478 sed
1287 2452 1418 2478 rectum
1443 2446 1672 2478 successionis
1697 2446 1805 2487 ipsius
1828 2452 1963 2488 tempus

1066 2501 1148 2532 mihi
1162 2510 1231 2531 non
1248 2500 1407 2532 occurrit.
1418 2500 1564 2532 Constat
1575 2505 1688 2531 tamen
1702 2509 1778 2531 eum
1791 2510 1882 2531 anno
1896 2499 1964 2531 Do-

1066 2555 1148 2586 mini
1162 2554 1343 2585 millesimo
1354 2553 1590 2585 ducentesimo
1605 2554 1860 2596 septuagesimo
1872 2562 1963 2584 nono

1067 2608 1110 2639 ab
1126 2607 1348 2648 infrascripto
1372 2607 1612 2648 infrascriptas
1635 2607 1756 2638 emisse
1780 2607 1966 2648 possessio-

1067 2672 1137 2693 nes.
1163 2660 1231 2697 Qui
1256 2660 1414 2692 dominus
1438 2660 1654 2698 Franciscus,
1671 2670 1730 2691 seu
1755 2660 1811 2702 qui
1836 2659 1964 2691 claram

1066 2716 1133 2758 jam
1152 2714 1291 2756 plebem
1307 2713 1352 2744 ad
1369 2713 1575 2754 occupanda
1588 2713 1637 2744 rei
1654 2713 1793 2754 publice
1811 2713 1964 2755 gerenda

1066 2769 1236 2810 aspiceret
1259 2773 1293 2798 et
1317 2767 1350 2797 in
1373 2776 1410 2798 se
1434 2776 1570 2808 qaeque
1595 2766 1830 2799 convertenda
1854 2766 1965 2798 officia

1064 2905 1190 2931 CEoLDQ
1211 2903 1310 2926 :ubero
1329 2902 1386 2929 cit..
1407 2910 1432 2935 p.
1454 2909 1495 2933 23-
