2346 3597
50 1734 86 1764 10

471 1219 610 1251 REDAz.
634 1219 668 1250 Β

206 1301 366 1333 Voiando
391 1301 590 1332 descrivere
614 1301 624 1331 i
649 1300 850 1340 magnifichi
883 1305 916 1331 et
945 1300 1016 1331 lau-

115 1354 229 1386 devoli
255 1354 339 1385 facti
365 1354 421 1385 del
446 1354 631 1395 magnifico
657 1360 690 1385 et
714 1353 853 1385 excelso
878 1354 1016 1396 signore

115 1409 260 1440 mesiere
280 1407 479 1440 Francesco
497 1408 622 1439 vechio
641 1408 684 1440 da
707 1408 868 1445 (tartara,
893 1419 946 1439 me
971 1408 1016 1439 ho

116 1468 281 1504 proposto
299 1461 341 1492 de
358 1462 455 1493 voler
479 1461 588 1502 prima
613 1461 808 1493 descrivere
827 1462 869 1492 de
887 1466 1017 1503 quanto

115 1515 172 1556 piu
191 1521 305 1556 tempo
323 1515 354 1546 io
372 1521 470 1546 trovo
488 1515 531 1546 de
550 1514 761 1557 l'antigheca
785 1514 866 1545 dela
883 1515 1017 1546 famosa

116 1579 196 1600 casa
213 1569 256 1600 da
273 1568 434 1605 Carrara,
451 1568 580 1609 perche
598 1568 629 1599 la
655 1567 854 1600 nobelitade
879 1568 914 1600 di
940 1579 1017 1610 pas-

115 1622 189 1654 sadi
206 1622 250 1653 ha
266 1622 371 1654 molto
389 1633 407 1652 a
425 1622 598 1653 conferire
623 1621 677 1652 ala
700 1621 811 1663 gloria
827 1622 860 1653 di
879 1632 1017 1653 succes-

115 1675 194 1707 sori.
242 1675 284 1707 Et
300 1675 406 1717 pereo
421 1675 547 1717 quello,
560 1675 625 1705 che
644 1675 678 1705 di
702 1674 809 1706 nobili
829 1675 907 1706 dela
924 1675 1018 1706 dicta

116 1739 195 1761 casa
211 1735 309 1761 trovo
328 1740 390 1770 per
405 1728 569 1773 croniche
587 1739 605 1759 e
622 1739 682 1770 per
694 1728 773 1759 altri
791 1729 1015 1766 instrumenti,

116 1782 223 1815 aduro
240 1792 303 1824 per
318 1783 513 1814 testimonio
539 1782 570 1813 le
594 1783 758 1813 croniche
782 1789 815 1813 et
839 1783 849 1813 i
867 1782 949 1813 dicti
966 1783 1017 1813 in-

115 1836 306 1873 strumenti,
323 1836 441 1867 niente
458 1837 662 1877 aconcando
683 1847 702 1867 o
721 1836 938 1868 detrahendo
963 1836 1017 1867 ala

115 1900 201 1931 pura
228 1888 396 1921 veritade.

387 2776 412 2808 I.
441 2794 478 2798 -
505 2775 746 2816 [GumbertusJ.

210 2883 236 2913 1.
257 2900 299 2905 -—
315 2882 404 2914 Voio
423 2882 559 2914 doncha
582 2883 647 2914 che
671 2883 749 2914 nela
767 2889 926 2923 presente
944 2883 1011 2913 mia

49 2936 89 2967 30
117 2947 201 2968 ovra
217 2937 366 2978 obtegi-‚a
383 2937 412 2968 el
432 2937 542 2977 primo
560 2938 662 2979 luogo
680 2937 806 2978 quello,
823 2938 888 2968 che
905 2938 1014 2978 prima

118 3001 171 3022 me
196 3000 338 3023 occorre
363 2991 406 3022 de
424 2990 506 3022 dicti
525 2990 631 3022 nobili
647 2990 691 3022 de
709 2990 850 3032 l'antiga
866 3001 945 3022 casa
971 2991 1015 3022 da

1427 1219 1568 1252 REDAz.
1596 1220 1627 1251 C

1158 1300 1326 1333 Constitui
1358 1307 1454 1344 gesta
1488 1301 1669 1343 magnifica
1693 1300 1772 1332 dive
1805 1301 1968 1332 memorie

1071 1354 1133 1384 viri
1150 1354 1291 1386 illustris
1316 1354 1446 1386 domini
1472 1354 1601 1386 domini
1628 1354 1804 1386 Francisci
1825 1355 1971 1386 senioris

1072 1407 1115 1439 da
1143 1407 1314 1449 Carraria,
1347 1408 1439 1449 apud
1470 1407 1655 1439 modernos
1686 1413 1853 1439 terrarum
1880 1407 1972 1439 orbis

1070 1461 1196 1503 ubique
1223 1468 1422 1499 memorata,
1447 1461 1482 1492 in
1508 1461 1620 1492 lucem
1646 1467 1681 1492 et
1698 1462 1798 1492 etiam
1817 1468 1972 1502 postero-

1071 1525 1145 1546 rum
1170 1514 1307 1553 efferre,
1332 1525 1374 1545 ne
1399 1520 1466 1546 tam
1494 1514 1587 1546 clara
1620 1515 1725 1546 virtus
1757 1525 1817 1546 suo
1849 1514 1971 1546 orbata

1070 1568 1203 1609 premio
1236 1568 1298 1600 sub
1331 1568 1572 1600 taciturnitatis
1604 1568 1731 1599 nebula
1764 1579 1804 1599 ex
1833 1568 1970 1599 inscitia

1071 1624 1248 1663 depereat.
1296 1622 1437 1659 Verum,
1470 1629 1653 1663 antequam
1694 1621 1739 1653 ad
1778 1622 1970 1663 ingentium

1071 1676 1176 1717 ipsius
1194 1675 1323 1708 domini
1339 1681 1511 1718 gestorum
1528 1675 1649 1706 seriem
1664 1675 1879 1717 progrediar,
1894 1685 1971 1706 cum

1071 1729 1248 1761 declarata
1265 1729 1388 1771 prioris
1406 1729 1566 1760 nobilitas
1584 1728 1692 1771 glorie
1710 1739 1777 1760 non
1796 1728 1969 1760 modicum

1071 1784 1229 1815 conferat
1260 1793 1508 1819 successorum,
1544 1782 1681 1814 decrevi
1719 1783 1763 1814 de
1799 1788 1970 1814 vetustate

1071 1837 1211 1879 egregie
1236 1836 1509 1868 Carrariensium
1534 1836 1746 1878 propaginis,
1771 1846 1871 1877 quam
1897 1835 1970 1867 lon-

1069 1890 1145 1933 gius
1169 1890 1366 1927 adinvenio,
1382 1890 1526 1921 strictim
1544 1889 1620 1931 ipse
1636 1889 1846 1931 pertingere.
1865 1889 1970 1921 Cuius

1070 1944 1212 1985 quidem
1236 1943 1507 1975 Carrariensium
1536 1942 1714 1974 vetustatis
1746 1948 1909 1984 quantum
1933 1943 1969 1973 in

1070 1997 1220 2029 cronicis
1258 1997 1333 2039 ipse
1370 1997 1558 2038 comperio,
1599 1997 1684 2028 ni¹1il
1720 1997 1853 2028 addens
1893 1996 1969 2028 sub-

1069 2051 1276 2094 trahensque
1307 2051 1444 2082 veritati
1477 2056 1580 2082 testes
1615 2050 1773 2082 cronicas
1808 2049 1968 2081 adhibeo.

1070 2104 1149 2142 Que
1174 2112 1286 2137 autem
1311 2111 1388 2136 sunt
1411 2105 1446 2136 in
1463 2104 1611 2136 cronicis
1629 2103 1673 2135 de
1691 2104 1969 2136 Carrariensibus

1070 2159 1206 2195 omissa,
1231 2168 1343 2198 neque
1368 2158 1539 2200 aliquibus
1562 2158 1594 2188 in
1613 2157 1794 2189 annalibus
1820 2157 1969 2189 civitatis

1070 2211 1187 2244 Padue
1213 2212 1342 2254 scripta
1366 2213 1512 2253 reperio,
1538 2211 1686 2243 collecta
1718 2222 1761 2243 ex
1793 2211 1969 2243 veteribus

1070 2266 1251 2298 codicibus
1276 2266 1524 2307 possessionum
1540 2265 1740 2303 eorundem,
1757 2264 1968 2296 notariorum

1069 2320 1175 2362 signis
1188 2320 1370 2362 dignisque
1385 2318 1529 2350 testibus
1546 2320 1718 2357 roborata,
1736 2324 1838 2358 prout
1855 2319 1969 2350 cuius-

1068 2383 1214 2415 cumque
1249 2373 1305 2404 hic
1337 2373 1424 2404 infra
1462 2373 1588 2414 pagina
1621 2372 1775 2410 docebit,
1809 2372 1878 2403 suis
1902 2382 1967 2414 ego

1068 2433 1226 2468 tempore
1251 2432 1286 2458 et
1308 2427 1386 2458 loco
1411 2425 1636 2463 conscribam,
1654 2436 1719 2458 nec
1745 2426 1788 2457 de
1814 2425 1967 2467 singulis,

1069 2486 1231 2522 quantum
1246 2479 1382 2511 inventa
1397 2480 1439 2511 de
1456 2479 1538 2521 ipsis
1551 2480 1756 2511 documenta
1771 2479 1968 2521 loquuntur,

1069 2544 1230 2565 enarrare
1244 2544 1339 2565 amor
1355 2539 1420 2568 est;
1439 2539 1569 2564 tantum
1586 2532 1669 2564 mihi
1685 2533 1767 2565 satis
1783 2538 1845 2569 est,
1862 2543 1969 2574 quan-

1068 2593 1138 2618 tum
1174 2587 1282 2618 solum
1324 2587 1367 2617 ad
1405 2585 1654 2618 ostendendum
1694 2586 1965 2618 Carrariensium

1067 2641 1211 2673 sufficiat
1236 2647 1451 2672 vetustatem.

1345 2776 1369 2806 I.
1391 2793 1435 2798 —
1457 2775 1689 2816 [Gumbcrtus1.

1162 2884 1185 2913 l.
1212 2901 1252 2905 -—
1278 2883 1425 2914 Primum
1452 2883 1557 2925 igitur
1581 2884 1647 2915 lioc
1672 2884 1706 2914 in
1732 2885 1899 2925 opusculo
1918 2886 1966 2917 lo-

1068 2947 1144 2967 cum
1161 2942 1285 2971 teneat,
1300 2936 1357 2977 qui
1372 2935 1454 2967 mihi
1471 2936 1514 2966 de
1533 2936 1674 2979 egregia
1691 2936 1963 2970 Carrariensium

1067 2989 1259 3031 propagine
1274 2989 1403 3029 primus
1419 2989 1581 3026 occurrit,
1599 2989 1807 3022 Gumbertus
1820 2991 1965 3029 scilicet,
