2346 3597
393 284 532 315 fradelli
556 284 669 316 scrivo
685 284 829 323 inseme,
845 284 975 325 perche
992 285 1115 317 driedo
1132 284 1166 315 la
1181 290 1290 316 morte

394 339 438 369 de
451 337 573 368 mesier
584 337 752 375 Iacomin‚
769 348 806 370 so
824 348 919 380 pare,
936 338 1042 369 molto
1054 344 1172 379 tempo
1188 344 1290 369 stette

393 391 522 421 inseme
546 399 612 421 con
628 400 688 421 soa
703 401 810 428 mare,
826 391 975 422 madona
991 390 1106 421 Maria
1123 391 1168 421 da
1182 391 1290 422 Baon.

392 443 436 474 Et
455 448 555 474 trovo
579 443 688 485 questi
720 443 900 475 sovraditti
925 443 1052 485 cinque
1084 442 1223 475 fradelli
1246 454 1290 474 ne

392 496 507 527 l'anno
530 495 588 527 del
621 496 767 538 Signore
797 496 890 528 mille
921 502 1025 527 cento
1050 501 1198 528 novanta
1222 506 1289 527 uno

392 548 499 580 haver
530 549 702 581 investido
730 549 762 580 al
793 549 912 580 livello
941 560 988 581 un
1019 550 1115 581 Kero
1146 548 1191 580 de
1222 559 1289 580 una

391 613 500 645 pecca
517 602 560 633 de
573 602 663 633 valle
677 613 744 634 con
761 602 871 644 questi
888 602 985 643 pani,
1000 602 1065 634 che
1079 602 1160 645 ogni
1175 607 1290 644 septe-

391 665 502 693 mana,
526 655 592 686 che
615 665 765 697 pescava
788 655 819 686 el
844 654 931 687 ditto
955 655 1063 694 Kem,
1088 655 1154 687 ello
1172 666 1230 687 era
1246 656 1290 686 ti-

390 707 508 749 gnudo
531 707 563 738 el
587 707 740 739 sabbado
765 707 809 739 de
834 708 897 739 dar
921 718 989 739 una
1005 708 1112 740 sacha
1128 708 1172 740 de
1189 718 1288 749 pesse

390 760 423 791 ai
454 760 504 792 soi
527 760 656 803 signori
687 760 922 802 sovrascripti,
947 770 1047 792 como
1071 770 1203 803 appare
1227 771 1290 802 per

390 813 424 845 lo
447 814 675 845 instrumento
698 820 788 845 sotto
813 813 950 855 scripto.

477 867 576 904 Item,
600 866 657 898 nel
681 866 774 898 mille
799 873 904 898 cento
928 873 1083 899 nonanta
1113 866 1161 899 du
1191 873 1288 899 trovo

389 919 540 952 madona
556 919 679 957 Maria,
695 930 790 951 mare
806 919 843 951 di
859 920 1043 952 sovraditti
1059 920 1213 958 fradelli,
1225 930 1288 962 pro
1303 932 1305 934 ·

388 973 441 1005 soi
463 973 546 1011 fioli,
562 972 782 1010 Pieroeonte‚
805 973 975 1016 Ugucone
999 979 1033 1005 et
1051 973 1237 1011 Iacomino,
1254 980 1290 1006 et

389 1025 516 1057 mesier
538 1025 698 1057 Marsilio
723 1032 757 1058 et
779 1025 943 1058 Albertin
966 1036 1030 1067 per
1056 1026 1082 1057 si
1107 1026 1214 1058 havet
1236 1027 1288 1058 in-

389 1079 527 1110 vestido
552 1079 596 1110 ad
620 1079 802 1120 perpetual
827 1079 944 1110 livello
968 1089 1013 1109 un
1043 1079 1221 1123 (jordanin
1245 1080 1289 1111 de

393 1132 518 1164 Vivian
542 1132 586 1163 de
611 1136 662 1163 tre
686 1141 795 1174 peece
813 1132 856 1162 de
873 1137 966 1162 terra
981 1131 1018 1162 in
1034 1132 1194 1170 Carrara,
1211 1131 1290 1164 dele

389 1185 470 1226 qual
493 1194 601 1227 pecce
627 1185 740 1215 dovea
763 1183 891 1214 render
909 1185 941 1215 el
958 1189 1054 1227 terco
1080 1184 1111 1216 ai
1136 1184 1215 1216 ditti
1239 1185 1289 1216 soi

388 1237 517 1280 signori
542 1243 576 1269 et
598 1236 748 1279 ogn’ano
775 1237 830 1268 ala
854 1238 944 1268 testa
975 1237 1019 1268 de
1043 1247 1106 1269 san
1129 1237 1289 1269 Steffano

389 1301 458 1322 una
479 1291 577 1332 spala
601 1291 645 1322 de
669 1300 778 1331 porco
803 1296 837 1321 et
859 1301 928 1321 una
951 1291 1090 1333 fugaea,
1112 1300 1212 1322 como
1228 1300 1290 1333 per

389 1344 501 1376 l'altro
525 1343 748 1385 sottoscripto
771 1343 1003 1376 instrumento
1027 1354 1063 1375 se
1086 1343 1263 1376 dimostra.

476 1452 528 1482 23.
547 1468 588 1472 —
605 1450 839 1481 Instrumento
857 1460 957 1482 como
975 1451 1098 1482 mesier
1117 1449 1288 1487 Marsilio,

389 1504 468 1536 fiolo
492 1514 534 1535 en
552 1514 620 1545 qua
645 1503 720 1535 drio
740 1504 783 1535 de
808 1503 932 1535 mesier
956 1503 1108 1535 Iacomin
1134 1504 1179 1535 da
1202 1504 1286 1536 Car-

387 1568 474 1597 rara,
488 1567 551 1598 per
567 1556 594 1587 si
612 1563 645 1588 et
661 1567 723 1598 per
739 1556 788 1588 soi
806 1555 947 1588 fradelli
962 1556 1088 1588 investi
1105 1557 1149 1588 ad
1166 1556 1285 1588 livello

387 1610 483 1642 Kero
506 1609 585 1641 dela
608 1610 833 1651 infrascripta
856 1620 966 1652 pecca
990 1610 1033 1641 de
1056 1610 1147 1642 valle
1163 1608 1184 1642 ‘.

751 139 923 188 GESTA
951 153 1259 188 MAGNIFICA
1289 153 1475 189 DOMUS
1505 154 1899 192 CARRARIENSIS

1344 285 1523 317 redazione
1540 286 1582 324 A,
1599 287 1665 325 sino
1688 298 1726 319 a:
1752 293 1787 320 et
1808 288 2079 320 innumerabilia
2093 289 2232 331 pheuda

1343 343 1381 369 ut
1405 338 1448 369 de
1463 338 1674 372 investituris
1690 341 1905 382 quorundam
1930 341 2156 383 infrascripta
2180 342 2243 374 do-

1345 397 1504 422 cumenta
1526 391 1724 434 loquuntur,
1747 403 1836 426 anno
1859 394 2029 426 videlicet
2052 395 2241 427 centesimo

1344 443 1569 486 nonagesimo
1607 445 1718 487 primo
1755 451 1789 478 et
1827 446 2052 490 nonagesimo
2087 447 2240 479 secundo

1343 496 1516 528 confecta.
1562 497 1609 529 Hi
1651 498 1780 530 domini
1822 500 2033 531 familiarum
2076 499 2240 531 nobilium

1342 550 1516 582 servitium
1542 550 1735 584 habuerunt
1758 559 1793 584 et
1808 552 1943 585 turbam
1960 553 2240 594 pulcherrimam.

1342 603 1382 634 In
1399 603 1542 635 civitate
1557 615 1719 647 magnum
1734 606 1855 648 populi
1872 606 2067 638 habuerunt
2083 606 2240 637 favorem

1343 662 1376 687 et
1407 655 1572 688 maiorem
1604 657 1733 690 civium
1764 659 1960 701 sequelam;
1991 658 2108 691 multis
2134 658 2238 690 etiam

1342 709 1463 742 timore
1480 710 1621 742 fuerunt
1637 712 1744 751 exosi,
1758 718 1829 744 tum
1849 713 1930 754 quia
1945 713 2071 744 fratres
2087 713 2240 755 quinque

1343 763 1451 799 fuere,
1468 773 1534 794 nec
1550 763 1662 796 minor
1684 774 1785 806 quam
1803 766 1977 807 quantitas
2000 775 2240 806 personarum,

1341 815 1518 847 affluentie
1541 826 1600 848 sue
1622 817 1690 848 fuit
1712 817 1814 859 copia
1840 818 2063 860 permaxima.

1426 1451 1478 1481 23.
1514 1468 1555 1472 —
1591 1450 1857 1483 Instrumentum
1893 1452 2043 1495 qualiter
2077 1453 2236 1485 dominus

1336 1503 1520 1542 Marsilius,
1544 1504 1720 1550 quondam
1746 1504 1877 1536 domini
1901 1505 2058 1537 Iacobini
2083 1505 2128 1537 de
2151 1505 2236 1538 Car-

1336 1557 1440 1596 raria,
1462 1567 1525 1598 pro
1549 1567 1587 1589 se
1611 1564 1646 1589 et
1668 1557 1834 1589 fratribus
1850 1558 2022 1590 investivit
2037 1559 2167 1591 Kerum
2191 1560 2236 1591 ad

1336 1610 1485 1642 livellum
1510 1610 1554 1642 de
1579 1621 1646 1642 una
1671 1611 1763 1652 petia
1786 1610 1830 1643 de
1855 1612 1946 1642 valle
1970 1612 2206 1655 infrascripta.

478 1718 509 1741 In
531 1719 645 1741 nomine
666 1717 777 1740 domini
800 1718 892 1741 nostri
909 1717 994 1748 Jhesu
1014 1716 1134 1746 Christi,
1155 1717 1310 1741 millesimo
1330 1718 1487 1742 centesimo
1509 1719 1694 1749 nonagesimo
1721 1719 1825 1749 primo,
1845 1718 1932 1742 indic.
1954 1725 2039 1748 nona,
2065 1719 2112 1743 die
2130 1721 2231 1750 quarto

388 1765 508 1786 exeunte
526 1762 608 1789 iulio,
629 1763 657 1785 in
678 1761 823 1793 presencia
843 1761 969 1790 testium,
989 1769 1107 1792 quorum
1128 1762 1246 1786 nomina
1264 1763 1345 1786 sunt:
1366 1760 1541 1786 Girardinus
1555 1763 1589 1786 de
1601 1761 1690 1795 (jot—30,
1710 1762 1903 1794 Qambonetus
1924 1762 2051 1791 Corsico,
2065 1763 2184 1794 Egidius
2197 1763 2231 1787 de

389 1806 480 1839 Cotis,
500 1808 527 1830 et
547 1806 598 1829 alii
619 1805 807 1837 quamplures.
835 1805 867 1828 In
889 1813 986 1829 eorum
1006 1805 1153 1837 presencia
1172 1806 1307 1830 dominus
1327 1805 1484 1836 Marsilius,
1504 1807 1649 1838 quondam
1668 1806 1798 1830 Iacobini
1817 1806 1901 1834 filius,
1922 1814 1973 1838 pro
1987 1813 2015 1830 se
2029 1810 2056 1831 et
2070 1809 2112 1830 sui
2129 1807 2231 1831 fratres

387 1859 422 1875 ex
439 1852 568 1883 Jussione
588 1850 702 1873 domine
724 1850 842 1873 Mariete
863 1849 1017 1874 investivit
1037 1850 1141 1873 Kerum
1160 1849 1194 1873 ad
1215 1850 1348 1874 livellum
1367 1850 1401 1874 de
1422 1858 1477 1874 una
1498 1852 1576 1883 pecia
1597 1851 1630 1874 de
1649 1857 1731 1882 aqua,
1752 1850 1886 1874 videlicet
1908 1859 1922 1874 a
1942 1853 2064 1875 cantone
2087 1851 2120 1875 de
2142 1850 2230 1875 Fava-

390 1896 451 1918 lino
471 1900 557 1926 usque
577 1895 610 1918 ad
632 1895 735 1918 fossam
756 1894 911 1926 Salgarios‚
932 1902 963 1917 eo
984 1894 1086 1918 ordine
1106 1901 1173 1918 vero
1192 1895 1270 1925 quod
1289 1894 1371 1918 debet
1391 1894 1492 1918 habere
1514 1896 1543 1918 in
1563 1903 1592 1919 se
1611 1897 1639 1919 et
1658 1896 1701 1919 sui
1721 1895 1837 1918 heredes
1857 1903 1943 1926 usque
1963 1896 1992 1919 in
2015 1898 2188 1927 perpetuum,
2201 1898 2230 1919 et

389 1938 553 1963 annualiter
573 1939 602 1962 in
624 1945 789 1969 unaquaque
808 1938 974 1969 ebdomada,
995 1937 1107 1969 quando
1128 1939 1304 1969 episcavem,
1325 1938 1371 1962 die
1391 1939 1502 1963 sabbati
1523 1939 1589 1963 dare
1608 1939 1690 1963 debet
1713 1940 1771 1963 suis
1797 1939 1924 1962 dominis
1944 1940 2056 1963 sacham
2083 1947 2166 1963 unam
2187 1940 2230 1971 pi-

389 1985 476 2008 scium
497 1983 530 2007 de
551 1983 619 2011 illis,
640 1983 715 2014 quod
736 1985 809 2008 Deus
829 1984 859 2007 in
879 1983 932 2007 illa
953 1983 1027 2006 valle
1046 1983 1164 2011 dederit,
1184 1983 1320 2008 videlicet
1345 1991 1401 2007 non
1429 1983 1585 2008 deteriores
1611 1992 1660 2007 nec
1687 1984 1829 2012 meliores,
1854 1987 1891 2013 et,
1917 1985 1939 2007 si
1968 1991 2025 2007 non
2052 1984 2173 2007 solverit
2200 1985 2229 2007 in

389 2030 549 2052 constituto
569 2029 701 2058 termino,
724 2028 834 2052 nullum
854 2028 942 2052 alium
963 2028 1096 2052 damnum
1116 2028 1185 2052 inde
1203 2029 1339 2059 consequi
1361 2027 1450 2056 debet,
1471 2029 1528 2052 nisi
1548 2028 1693 2060 induplari
1714 2030 1803 2060 pisses
1829 2029 1858 2052 in
1886 2029 1948 2060 ipsa
1968 2028 2141 2052 ebdomada:
2161 2028 2228 2052 data

388 2074 484 2096 omnia
505 2074 535 2096 in
555 2070 687 2096 Carraria
707 2080 756 2105 per
774 2080 802 2096 se
822 2072 866 2096 vel
887 2080 954 2096 suos
972 2072 1095 2101 heredes,
1117 2072 1196 2096 nulla
1215 2072 1273 2096 alia
1301 2073 1377 2096 inter
1396 2080 1443 2096 eos
1462 2079 1521 2096 esse
1541 2072 1631 2097 debet.

458 2118 561 2140 Actum
582 2119 623 2140 est
642 2117 694 2140 hoe
715 2117 745 2140 in
765 2116 909 2145 Carraria,
927 2117 958 2140 in
979 2116 1083 2148 platea,
1100 2117 1154 2140 hoc
1174 2116 1275 2148 digitis
1295 2117 1352 2140 suis
1373 2118 1490 2148 proprio
1510 2124 1558 2140 ceu
1578 2117 1686 2141 lumine
1700 2117 1770 2140 vidi.

478 2162 505 2186 S.
525 2163 561 2185 N.
581 2162 641 2192 Ego
660 2161 809 2191 vivianus,
830 2163 901 2185 sacri
923 2161 1027 2193 palatii
1047 2163 1187 2192 notarius,
1204 2162 1283 2194 jussu
1303 2169 1401 2185 eorum
1420 2162 1532 2193 scripsi.

479 2234 504 2257 S.
525 2234 561 2257 N.
581 2233 641 2265 Ego
661 2233 838 2264 Dominieus,
860 2233 972 2257 domini
991 2232 1114 2257 Octonis
1134 2233 1315 2265 imperatoris
1335 2234 1475 2261 notarius,
1500 2234 1573 2257 hanc
1599 2236 1714 2263 cartam,
1741 2234 1893 2257 secundum
1919 2233 1993 2264 quod
2021 2232 2083 2256 vidi
2108 2234 2136 2256 et
2160 2232 2218 2264 legi

389 2278 462 2301 nihil
477 2277 582 2301 addens
603 2278 646 2302 vel
667 2279 806 2307 minuens.
824 2281 961 2309 quantum
982 2278 1017 2302 ad
1037 2278 1223 2308 sentenciam,
1243 2279 1299 2301 nisi
1320 2277 1396 2302 forte
1416 2278 1513 2302 littera
1533 2278 1577 2301 vel
1598 2278 1720 2309 syllabo,
1740 2277 1881 2308 complevi
1902 2279 1929 2300 et
1948 2278 2049 2308 scripsi

477 2348 535 2380 Ego
556 2346 580 2381 [*
593 2347 627 2379 *].
649 2348 732 2372 iudex
752 2349 962 2380 infrascriptus,
980 2356 1023 2372 me
1042 2348 1199 2380 subscripsi

475 2393 534 2425 Ego
554 2393 731 2423 Benedictus,
751 2394 881 2417 notarius
899 2395 993 2418 socius
1012 2401 1044 2418 ac
1064 2394 1155 2421 testis,
1175 2400 1217 2417 me
1236 2393 1392 2424 subscripsi
1411 2396 1438 2417 et
1457 2394 1597 2417 ascultavi

477 2439 504 2462 S.
525 2439 561 2462 A:
581 2438 640 2469 Ego
662 2438 827 2467 Bernardus,
847 2439 917 2462 olim
937 2439 1048 2463 domini
1069 2439 1145 2462 Petri
1166 2438 1270 2463 iudicis
1288 2438 1321 2462 de
1341 2437 1463 2462 Casellis
1483 2438 1567 2468 filius,
1589 2439 1720 2462 notarius
1734 2439 1934 2470 ultrascriptus
1947 2439 2072 2462 existens
2086 2438 2116 2461 in
2131 2437 2225 2462 officio

386 2483 582 2515 ultrascripto,
603 2490 696 2506 coram
717 2484 829 2514 prefato
849 2483 952 2513 iudice,
972 2484 1152 2515 presentibus
1171 2483 1324 2507 antedictis
1345 2483 1463 2507 testibus
1484 2484 1606 2507 notariis
1626 2486 1653 2507 et
1674 2484 1760 2507 sociis
1781 2483 1814 2507 ad
1835 2483 1941 2507 dictum
1967 2483 2077 2506 discum
2102 2484 2130 2506 et
2149 2482 2223 2511 aliis,

387 2528 456 2550 dicti
478 2527 584 2551 iudicis
604 2528 681 2550 iussu
701 2530 728 2551 et
754 2529 932 2556 auctoritate,
958 2529 1131 2552 statutorum
1157 2528 1314 2552 eommunis
1341 2527 1436 2550 Padue
1463 2527 1645 2551 solemnitate
1665 2529 1784 2557 servata,
1806 2527 1964 2559 predictum
1989 2527 2149 2559 exemplum
2175 2533 2223 2559 per

388 2572 563 2596 antedictum
583 2571 768 2596 Dominicurn
789 2573 932 2596 notarium
952 2573 1074 2597 fideliter
1093 2572 1254 2604 exemplavi
1274 2573 1412 2604 signoque
1433 2579 1494 2596 meo
1514 2572 1604 2596 solito
1625 2574 1651 2596 et
1678 2572 1796 2596 nomine
1821 2573 1966 2599 roboravi.
1991 2574 2121 2596 currente
2147 2578 2223 2595 anno

388 2616 507 2640 Domini
527 2616 680 2640 millesimo
700 2618 898 2641 trecentesimo
918 2618 1154 2649 quinquagesimo
1169 2623 1255 2644 nono,
1270 2616 1418 2640 indicione
1431 2617 1563 2647 secunda,
1579 2617 1624 2640 die
1640 2617 1707 2640 lune
1721 2617 1830 2640 decimo
1845 2618 1966 2648 septimo
1981 2617 2086 2640 mensis
2099 2616 2220 2647 augustI.

388 2661 526 2692 regimine
545 2660 704 2685 antedivto.

389 2764 474 2795 Degli
495 2763 563 2787 altri
583 2763 640 2795 figli
662 2764 690 2787 di
712 2762 885 2787 Giacomino
905 2765 927 2787 si
949 2764 1044 2787 hanno
1071 2763 1178 2787 minori
1203 2764 1276 2786 noti-

389 2806 438 2828 zie.
478 2805 630 2828 Albertino
649 2803 662 2828 ὲ
683 2805 828 2828 ricordato
848 2805 910 2829 solo
934 2805 1009 2829 nella
1036 2805 1208 2829 investitura
1233 2803 1276 2827 del

392 2853 456 2879 1192
477 2855 528 2871 con
549 2847 588 2879 gli
611 2848 678 2871 altri
701 2847 818 2871 fratelli.
855 2847 892 2870 l)i
913 2847 1079 2878 Uguccione
1098 2847 1218 2878 parlano
1239 2847 1278 2870 al-

389 2898 458 2913 cune
478 2898 645 2921 pergamene
665 2890 820 2922 capitolari
840 2890 883 2913 dol
910 2890 975 2913 1206
996 2892 1194 2919 (Diversarum,
1213 2889 1277 2916 T.1.

347 2938 358 2962 3
390 2941 415 2955 n.
436 2932 482 2963 35)
501 2940 514 2955 ε·
534 2932 578 2956 del
602 2933 668 2956 1208
688 2932 748 2964 (ivi,
769 2940 795 2956 n.
816 2939 857 2963 ⁴2-
875 2940 916 2963 43,
932 2941 971 2963 44,
986 2932 1040 2964 ⁴7)·
1067 2932 1154 2956 Infine
1167 2932 1194 2956 di
1211 2930 1276 2955 Gia-

1333 2763 1447 2786 comino
1467 2770 1524 2786 non
1545 2764 1569 2787 sl
1589 2764 1623 2787 ha
1649 2763 1763 2786 ricorde
1788 2763 1838 2786 che
1859 2761 1933 2785 nella
1960 2762 2025 2785 nota
2051 2761 2222 2785 investitura

1334 2805 1377 2828 del
1402 2811 1465 2834 1192
1486 2805 1534 2837 (cf.
1555 2807 1642 2833 sotto,
1663 2803 1711 2834 XI,
1731 2805 1789 2836 20:
1809 2812 1823 2828 e
1843 2804 1872 2828 di
1898 2805 1939 2828 lui
1961 2805 1983 2827 si
2009 2805 2161 2827 ricordano
2181 2805 2224 2827 tre

1333 2847 1393 2878 figli
1413 2847 1461 2877 (cs.
1481 2847 1553 2873 XVI.
1575 2846 1615 2877 56,
1639 2846 1689 2878 57),
1710 2848 1818 2870 mentre
1842 2846 1917 2877 degli
1942 2845 2008 2869 altri
2035 2846 2088 2869 due
2115 2845 2221 2869 fratelli

1334 2896 1389 2912 non
1409 2889 1512 2912 risulta
1532 2889 1719 2912 discendenza
1745 2889 1856 2912 alcuna.

1421 2929 1428 2945 ¹
1449 2930 1493 2955 Cf.
1514 2931 1641 2957 Cssorno.
1662 2931 1768 2960 Albero,
1790 2938 1817 2962 p.
1838 2936 1877 2960 ῖς.

2273 775 2310 805 10

2271 1039 2308 1070 15

2265 1304 2308 1334 20

2263 1612 2304 1643 25

2260 1893 2295 1920 30

2257 2113 2291 2140 35

2255 2390 2290 2417 40

2254 2612 2286 2637 45

2252 2935 2283 2953 10
