2346 3597
479 316 618 347 REnAz.
644 314 676 347 A

244 548 319 579 282.
346 565 385 569 -
412 547 496 578 Cum
521 552 631 578 autem
657 547 762 578 multa
787 547 923 586 damna,
947 548 999 579 in-

155 602 279 634 cendia
305 607 338 632 et
363 599 612 632 derobaciones
629 599 750 631 fierent
765 600 800 630 in
829 601 998 642 scaligero

154 655 227 686 solo
249 661 284 686 et
307 653 502 686 huiusmodi
518 653 603 685 talia
619 659 818 694 agerentur,
834 664 999 695 superve-

154 714 280 740 nerunt
302 707 470 738 australes
491 706 586 738 mille
611 706 648 737 in
664 707 831 738 tarvisino
849 707 921 738 solo
938 718 998 737 nu-

153 772 248 793 mero
272 767 306 792 et
328 761 418 792 ultra
442 760 658 801 imperatoris
679 760 908 801 stipendiarii,
940 761 995 802 qui

152 825 270 847 secum
294 814 432 845 venisse
457 812 661 845 debuerant.
699 811 762 844 Set
779 820 922 854 propter
940 823 995 844 ea-

151 879 224 899 sum
249 867 455 899 infirmitatis
479 867 577 898 ducis
602 866 750 903 Alberti,
775 866 831 907 qui
857 867 995 897 omnino

151 920 291 953 volebat
313 920 504 961 personalis
536 920 668 956 adesse,
695 919 802 960 ipsius
835 919 995 951 convale-

150 974 323 1007 scenciam
336 980 575 1015 expectantes,
588 983 718 1005 moram
730 978 797 1003 tam
812 972 869 1003 diu
882 978 996 1002 traxe-

150 1039 199 1069 re,
223 1038 368 1069 quorum
392 1027 443 1058 vir
466 1027 667 1069 magnificus
683 1026 866 1061 Iohannes,
881 1035 996 1056 comes

151 1082 195 1113 de
219 1081 317 1117 Gilia,
331 1081 400 1112 dux
416 1080 537 1112 extitit.
569 1080 756 1120 Multisque
774 1088 877 1119 super
893 1078 996 1108 tarvi-

149 1135 224 1167 sino
249 1133 381 1166 damnis
404 1134 520 1172 illatis,
533 1132 694 1165 dolentes
711 1132 754 1164 de
771 1138 842 1163 tam
860 1141 994 1162 moroso

149 1189 301 1220 adventu
324 1198 386 1219 suo
409 1187 722 1228 imperatoremque
739 1186 835 1227 sequi
853 1185 994 1226 cupien-

149 1247 210 1279 tes,
233 1247 270 1273 ut
293 1240 497 1272 arbitratum
521 1245 581 1276 est,
607 1239 731 1270 timore
759 1239 867 1281 magis
891 1249 993 1280 quam

149 1295 263 1326 animo
289 1293 453 1330 bellandi,
478 1293 640 1334 quoniam
664 1303 700 1323 se
728 1292 894 1323 videbant
923 1297 992 1323 tam

147 1347 271 1391 grandi
295 1347 514 1388 imperatoris
538 1346 702 1378 comitiva
725 1345 918 1382 destitutos,
932 1346 992 1376 mi-

148 1401 226 1433 lites
249 1401 372 1432 misere
396 1401 531 1442 legatos
554 1399 600 1430 ad
630 1399 849 1441 magnificum
883 1399 993 1430 domi—

148 1466 227 1486 num
252 1454 474 1486 Franciscum
494 1454 537 1484 de
551 1453 712 1485 Carraria
728 1463 832 1494 super
849 1452 993 1483 transitu

147 1519 208 1540 suo
224 1519 288 1550 per
300 1517 420 1548 passus
435 1506 499 1538 soli
516 1506 679 1547 paduani,
697 1506 830 1548 quibus,
849 1511 883 1537 et
900 1506 993 1548 quod

147 1563 222 1603 ipse
239 1560 369 1597 annuit,
386 1560 574 1601 petierunt.
618 1559 679 1591 Set
692 1560 815 1591 modus
832 1570 906 1591 esse
924 1570 993 1591 non

147 1614 258 1658 potuit
280 1620 423 1656 propter
450 1619 586 1654 ruptam
619 1611 769 1654 Athesis,
794 1623 861 1655 que
890 1613 993 1654 paulo

148 1674 225 1710 post
258 1667 478 1709 imperatoris
517 1676 695 1698 accessum
731 1672 766 1697 et
799 1666 994 1708 Frederici,

149 1721 296 1753 Bavarie
325 1720 434 1759 ducis,
458 1720 527 1762 qui,
558 1719 607 1750 uti
631 1719 796 1761 scriptum
821 1725 883 1760 est,
916 1729 992 1751 eum

149 1775 299 1815 [secutus
315 1773 390 1815 est],
407 1774 496 1806 adeo
512 1773 627 1804 omnia
641 1772 828 1805 exundavit
842 1779 876 1803 et
891 1783 994 1815 agros

148 1833 183 1860 et
212 1827 349 1864 itinera,
373 1827 466 1869 quod
490 1827 605 1858 omnia
628 1836 722 1858 mare
746 1832 855 1858 erant.
902 1826 995 1858 Infe-

147 1880 382 1923 stantibusque
398 1880 483 1921 ipsis
498 1879 706 1912 australibus
729 1881 772 1912 de
798 1880 864 1912 hoc
880 1880 994 1921 ipsum

148 1934 369 1976 magnificum
401 1933 577 1965 dominum
601 1933 827 1965 Franciscum
855 1940 889 1965 et
914 1943 996 1965 con-

148 1987 377 2020 clamantibus
392 1987 486 2018 nolle
500 1997 576 2018 eum
594 1987 689 2028 ipsos
706 1986 864 2025 transire,
878 1987 995 2019 nuncii

149 2042 217 2072 hoc
234 2040 446 2083 exploraturi
460 2041 553 2072 missi
567 2046 645 2073 sunt
658 2041 704 2073 ad
717 2041 904 2072 videndum
919 2051 997 2082 pas-

149 2104 206 2126 sus
236 2095 478 2130 transeundos‚
511 2094 636 2137 quibus
667 2095 832 2137 regressis
855 2094 996 2126 veritati

147 2148 389 2190 acquiverunt.
434 2147 576 2180 Interim
601 2148 749 2179 instante
772 2148 848 2190 ipso
865 2148 997 2190 magni-

149 2203 221 2235 fico
246 2202 386 2234 domino
410 2202 596 2234 Francisco
620 2202 665 2234 de
695 2201 857 2234 Carraria
887 2212 997 2243 penes

148 2257 394 2298 imperatorem
426 2256 470 2288 de
500 2256 671 2299 scaligero
702 2255 794 2287 bello
824 2255 996 2293 vexando,

149 2315 329 2352 postquam
346 2318 431 2352 gens
448 2309 605 2341 australis
624 2309 683 2341 hic
699 2309 850 2341 existens
866 2309 996 2341 frustra

150 2362 263 2395 stabat
287 2367 322 2394 et
344 2368 504 2404 patavum
521 2361 684 2395 turbabat
699 2362 807 2394 solum
833 2367 867 2394 et
882 2363 993 2404 ipsum

149 2416 407 2448 Carrariensem
431 2416 583 2453 heroem,
606 2421 645 2448 ut
660 2416 741 2448 hinc
757 2426 996 2448 ammoveren-

148 2475 204 2501 tur
219 2475 254 2501 et
269 2468 481 2501 territorium
497 2469 675 2502 calcarent
687 2469 908 2506 vicentinum,
919 2473 993 2500 tan-

150 2524 229 2556 dem
246 2523 398 2556 obtinuit
420 2533 497 2555 cum
520 2532 582 2565 spe
604 2523 844 2555 habendorum
863 2521 992 2564 stipen-

150 2577 335 2609 diariorum
367 2587 517 2616 suorum,
549 2577 607 2620 qui
638 2575 782 2608 Mantue
814 2580 923 2613 erant,
951 2585 993 2606 ac

151 2630 255 2661 etiam
277 2630 431 2673 gentium
459 2630 687 2672 imperatoris,
710 2635 747 2661 ut
762 2629 890 2661 bellum
906 2628 994 2661 inci-

149 2689 258 2726 peret.
304 2683 350 2715 Et
371 2684 422 2715 sie
438 2683 514 2726 ipse
538 2683 697 2716 dominus
720 2682 909 2724 imperator
933 2692 992 2714 au—

150 2736 314 2769 stralibus
334 2737 444 2775 iussit,
467 2736 536 2779 qui,
560 2746 638 2769 cum
663 2741 811 2778 accepto
835 2735 956 2768 ordine
973 2746 994 2767 a

151 2791 287 2833 preside
311 2791 525 2824 Carrariensi
547 2791 597 2822 eis
627 2791 707 2822 dato
735 2799 882 2831 cumque
907 2789 994 2820 mili-

151 2844 241 2877 tibus
274 2850 311 2877 et
342 2844 517 2886 peditibus
547 2844 627 2882 suis,
658 2854 744 2887 quos
775 2844 899 2885 potuit,
929 2843 993 2875 sub

517 181 690 217 GESTA
718 181 1020 217 MAGNIFICA
1051 182 1235 217 DOMUS
1265 183 1654 218 CARRARIENSIS

1065 867 1101 897 10

1064 1131 1100 1162 15

1057 1400 1099 1430 20

1058 1666 1097 1696 25

1059 1933 1100 1963 30

1061 2198 1100 2232 35

1059 2468 1100 2498 40

1058 2734 1097 2765 45

1931 187 1996 221 151

1484 315 1621 347 ΚΕΒΑΖ.
1648 318 1679 348 D

1162 386 1433 419 reconciliacion
1459 387 1503 418 de
1528 386 1640 425 Italia,
1663 388 1798 420 benche
1822 389 1891 431 pub
1909 391 2004 433 segni

1161 441 1191 471 el
1218 440 1404 477 contrario,
1429 449 1527 472 como
1552 451 1588 472 se
1613 441 1699 472 have
1724 453 1785 484 per
1809 454 1928 485 prova.

1248 548 1322 579 282.
1336 565 1376 570 —
1391 547 1589 579 Fasandose
1603 548 1699 579 molti
1712 549 1837 591 damni,
1852 551 2004 583 incendii

1160 607 1193 633 et
1217 601 1364 638 robmie,
1389 611 1486 632 como
1505 600 1522 632 ὲ
1541 601 1646 640 dicto,
1663 602 1713 633 sul
1731 608 1845 634 terren
1865 605 1908 635 de
1926 605 2004 646 quel

1158 654 1261 695 dassa]
1272 654 1384 692 Scala,
1393 655 1424 686 el
1435 664 1647 685 sovravenne
1659 654 1693 685 in
1705 656 1864 687 trivisana
1876 658 2004 688 homini

1158 707 1249 738 mille
1265 708 1398 738 armadi
1416 708 1458 738 de
1477 706 1636 739 Ostorico
1658 714 1690 739 et
1707 709 1792 739 oltra
1810 709 1943 740 soldadi
1961 712 2004 742 de

1157 760 1390 802 l’imperador,
1406 761 1417 791 i
1434 760 1525 803 quali
1542 761 1653 792 dovea
1670 771 1763 792 esser
1780 762 1919 804 vignudi
1940 774 2004 794 con

1158 814 1214 845 lui.
1251 812 1311 844 Ma
1334 823 1397 855 per
1413 814 1446 844 lo
1464 824 1543 845 caso
1561 813 1651 845 della
1670 815 1830 846 infirmita
1848 816 1902 846 del
1921 815 2003 847 duse

1158 867 1313 904 Alberto,
1339 867 1370 898 el
1395 867 1476 908 qual
1502 867 1533 897 in
1559 872 1647 898 tutto
1671 868 1703 898 ie
1728 869 1827 899 volea
1853 879 1947 900 esser
1969 870 2004 901 in

1158 931 1316 963 persona,
1334 921 1553 961 expectando
1578 921 1646 962 puo
1670 922 1735 952 che
1753 921 1820 952 ello
1840 922 2005 964 guarissffi

1157 984 1192 1005 se
1216 974 1352 1005 indusio
1369 980 1464 1006 tanto
1488 985 1508 1004 a
1533 974 1655 1016 vignir,
1680 975 1714 1005 di
1741 975 1831 1016 quali
1857 975 1892 1006 io
1912 977 2005 1016 capi-

1156 1027 1248 1058 tanio
1265 1027 1456 1068 magnifico
1469 1027 1571 1059 homo
1582 1026 1735 1072 Quamne,
1750 1034 1849 1059 conte
1862 1028 1904 1059 da
1917 1029 2002 1060 Cile.

1158 1081 1173 1111 I
1190 1081 1282 1122 quali
1295 1080 1341 1111 fe'
1355 1081 1449 1112 molti
1467 1080 1581 1111 damni
1598 1081 1650 1112 sul
1668 1087 1780 1112 terren
1798 1082 1953 1118 trivisan‚
1971 1088 2005 1113 et

1157 1133 1347 1165 doiandose
1365 1134 1456 1165 della
1472 1144 1531 1165 soa
1548 1134 1650 1176 longa
1667 1134 1813 1171 indusia,
1831 1134 2002 1167 habiando

1157 1187 1234 1218 voia
1255 1188 1298 1219 de
1316 1187 1431 1229 seguir
1453 1187 1684 1229 l’imperador‚
1702 1199 1800 1219 como
1825 1188 1860 1219 fo
1886 1189 2003 1229 pensa,

1157 1241 1216 1282 piu
1233 1252 1296 1282 per
1312 1251 1419 1282 paura
1444 1241 1508 1272 che
1532 1251 1595 1283 per
1619 1251 1741 1273 anemo
1758 1241 1799 1272 de
1818 1242 2003 1278 combater‚

1157 1294 1283 1335 perche
1302 1294 1359 1325 elli
1376 1305 1411 1325 se
1429 1294 1538 1326 vedea
1563 1305 1656 1326 esser
1672 1294 1794 1336 separa
1810 1295 1902 1326 dalla
1918 1306 2004 1338 gran

1156 1346 1480 1386 comitiva‚‘mando
1505 1358 1542 1380 so
1567 1348 1734 1379 cavalieri
1757 1347 1954 1379 ambaxaori
1972 1349 2003 1379 al

1155 1401 1343 1444 magnifico
1367 1401 1484 1444 signor
1500 1402 1625 1433 mesier
1650 1403 1845 1434 Franceseo
1862 1403 1904 1433 da
1921 1401 2005 1433 Car-

1154 1465 1232 1486 rara
1248 1465 1348 1486 sovra
1372 1455 1403 1486 el
1427 1466 1464 1486 so
1488 1465 1606 1496 passar
1622 1466 1684 1496 per
1702 1455 1732 1486 lo
1750 1461 1861 1486 terren
1879 1466 2002 1496 pavan,

1155 1509 1186 1539 ai
1211 1508 1306 1550 quali
1331 1509 1361 1539 el
1387 1510 1478 1541 dicto
1494 1509 1610 1551 signor
1628 1508 1782 1540 consenti
1799 1508 1923 1550 que110‚
1938 1508 2002 1539 che

1155 1562 1212 1593 elli
1236 1561 1463 1593 domandava.
1509 1562 1569 1593 Ma
1594 1562 1624 1592 el
1651 1572 1694 1592 no
1711 1562 1742 1593 ie
1767 1562 1804 1592 fo
1826 1562 1928 1593 modo
1946 1562 2003 1593 del

1153 1626 1271 1657 passar
1283 1627 1345 1657 per
1361 1615 1393 1646 la
1411 1621 1506 1647 rocta
1519 1616 1562 1647 de
1578 1615 1754 1656 l’A[de]se,
1768 1614 1800 1645 la
1813 1615 1891 1656 qual
1909 1615 2001 1656 dopo

1153 1670 1187 1701 la
1210 1669 1347 1711 partida
1372 1670 1415 1700 de
1445 1669 1669 1710 l'imperador
1700 1674 1734 1699 et
1764 1668 1807 1699 de
1839 1668 2002 1710 Fedrigo,

1154 1723 1237 1754 duse
1256 1724 1299 1755 de
1323 1723 1515 1754 Bavaviera
1528 1722 1610 1762 (sic),
1628 1721 1659 1753 el
1677 1720 1756 1763 qual
1772 1721 1803 1752 el
1820 1720 1927 1763 segni,
1945 1730 2002 1752 co-

1155 1787 1210 1808 mo
1227 1777 1245 1808 e
1269 1777 1410 1818 scripto,
1434 1786 1491 1807 era
1507 1775 1535 1806 si
1551 1774 1724 1811 cressuda,
1741 1774 1805 1805 che
1824 1774 1904 1816 ogni
1922 1784 2001 1805 cosa

1155 1841 1260 1872 parea
1283 1840 1329 1861 un
1353 1840 1462 1860 mare.
1501 1828 1560 1860 Ma
1585 1828 1786 1859 infestando
1803 1827 1863 1868 piu
1880 1833 2001 1869 queste

1155 1890 1258 1926 gente
1283 1884 1326 1915 de
1351 1882 1512 1915 Ostorico
1537 1882 1568 1913 el
1594 1882 1692 1912 dicto
1728 1880 1920 1922 magnifico
1956 1881 2000 1912 si-

1156 1948 1244 1980 gnor
1258 1937 1382 1968 mesier
1393 1937 1590 1968 Francesco
1606 1940 1641 1966 et
1655 1934 1917 1965 lamentanclose
1932 1934 2001 1971 elli,

1156 1991 1222 2023 che
1246 1990 1314 2022 ello
1338 2000 1382 2021 no
1407 1989 1507 2020 volea
1532 1989 1596 2019 che
1620 1987 1677 2019 elli
1702 1997 1869 2029 passasse‚
1900 1987 1932 2018 el
1964 1987 2000 2018 fo

1156 2043 1320 2076 mandadi
1345 2043 1447 2075 messi
1473 2053 1493 2073 a
1516 2042 1725 2074 sovraveder
1748 2040 1758 2071 i
1783 2041 1885 2082 passi,
1911 2040 2001 2072 onde

1157 2098 1213 2130 elli
1232 2099 1342 2130 dovea
1365 2108 1495 2138 passm,
1517 2096 1529 2126 i
1552 2095 1646 2138 quali
1659 2092 1808 2130 tornadi‚
1825 2093 1882 2124 elli
1898 2099 2000 2125 stette

1157 2154 1222 2184 alla
1246 2152 1413 2183 veritade.
1459 2151 1495 2181 In
1522 2155 1645 2191 questo
1670 2159 1768 2192 meco
1793 2148 1998 2191 instagando

1155 2207 1187 2238 el
1223 2206 1413 2248 magnifico
1447 2205 1564 2247 signor
1599 2213 1739 2244 apresso
1778 2202 1999 2243 l'imperador

1158 2260 1200 2291 de
1225 2260 1281 2291 far
1303 2269 1429 2302 guerra
1463 2269 1483 2289 a
1518 2257 1633 2299 quello
1659 2256 1751 2288 dalla
1780 2254 1896 2294 Scala,
1930 2257 1997 2297 pub

1157 2314 1223 2345 che
1246 2313 1279 2344 la
1302 2318 1406 2355 gente
1425 2312 1469 2343 de
1485 2310 1644 2342 Ostorico
1662 2315 1758 2341 stava
1777 2309 1834 2351 qui
1850 2310 1996 2341 indamo

1155 2374 1189 2399 et
1213 2368 1423 2409 damnecava
1446 2375 1512 2406 pur
1543 2363 1572 2394 el
1606 2368 1720 2394 terren
1753 2363 1797 2394 de
1834 2362 1940 2400 Pava‚
1965 2363 1996 2393 el

1154 2421 1250 2452 dicto
1267 2419 1457 2461 magnifico
1481 2418 1599 2461 signor
1622 2417 1689 2448 alla
1712 2416 1765 2447 fin
1787 2427 1853 2458 pur
1876 2415 1998 2447 obten-

1155 2485 1197 2506 ne
1214 2474 1279 2505 che
1297 2472 1354 2504 elli
1372 2483 1408 2504 se
1427 2473 1570 2504 dovesse
1595 2471 1702 2513 partir
1725 2469 1768 2501 de
1793 2480 1831 2501 su
1850 2469 1870 2500 'l
1883 2479 1997 2511 pavan

1154 2532 1189 2559 et
1211 2526 1398 2558 cavalchar
1421 2526 1473 2557 sul
1498 2524 1638 2556 visintin
1663 2533 1729 2555 con
1753 2532 1923 2565 speranca
1953 2521 1997 2554 de

1154 2582 1259 2612 haver
1283 2579 1292 2610 i
1317 2589 1355 2610 so
1378 2578 1526 2615 soldadi,
1550 2578 1615 2609 che
1639 2587 1697 2609 era
1732 2587 1752 2608 a
1788 2575 1931 2607 Mantoa
1963 2581 1998 2607 et

1153 2643 1291 2676 apresso
1317 2632 1408 2664 delle
1428 2638 1531 2675 gente
1549 2633 1592 2663 de
1617 2629 1851 2672 l'imperador,
1867 2628 1997 2672 acoche

1153 2688 1221 2719 ello
1245 2695 1464 2729 comencasse
1482 2685 1513 2716 la
1529 2695 1666 2728 guerra.
1709 2682 1754 2714 Et
1770 2682 1841 2714 cusi
1857 2683 1888 2714 el
1905 2683 1997 2714 dicto

1152 2739 1350 2781 imperador
1373 2738 1542 2770 comandb
1567 2748 1586 2768 a
1610 2736 1708 2779 quilli
1733 2737 1776 2767 de
1801 2734 1996 2773 Ostorico‚i

1153 2790 1243 2833 quali
1270 2800 1335 2821 con
1361 2789 1515 2821 l'ordene
1541 2789 1632 2821 dado
1661 2789 1756 2820 alora
1781 2789 1836 2820 dal
1866 2788 1998 2831 magni-

1154 2845 1223 2878 fico
1249 2845 1366 2887 signor
1381 2844 1509 2875 mesier
1525 2844 1721 2875 Francesco
1737 2842 1781 2874 da
1801 2840 1948 2873 Carrara
1962 2848 1996 2874 et

1247 2956 1286 2982 16.
1306 2964 1379 2989 voga
1398 2957 1426 2980 E
1444 2968 1475 2973 —
1496 2955 1537 2988 36.
1557 2956 1585 2980 sl
1604 2957 1632 2980 P
