2346 3597
29 733 61 761 10

29 955 59 981 15

28 1177 63 1204 ΖΟ

26 1441 60 1467 25

28 1663 64 1691 30

30 1888 65 1916 :35

30 2111 65 2138 40

20 2452 62 2484 45

43 2957 75 2974 10

435 203 609 238 GESTA
638 201 939 238 MAGNIFICA
968 201 1155 236 DOMUS
1183 201 1576 236 CARRARIENSIS

175 337 207 360 In
228 337 342 360 nomine
363 337 460 360 sancte
479 336 507 359 et
526 334 676 359 individue
695 333 861 361 Trinitatis,
875 333 1021 364 Henricus,
1036 332 1136 356 divina
1153 333 1266 356 favente
1280 333 1442 361 clementia,
1463 334 1587 363 quartus,
1601 333 1796 357 Romanorum
1810 335 1930 365 impera-

77 383 136 417 'tor
155 383 297 412 augustus.
334 380 473 404 Omnibus
493 379 602 404 Christi
622 379 712 402 nostri
733 378 847 410 imperii
869 377 1000 401 fidelibus
1018 379 1077 401 tam
1099 377 1204 400 suturis
1224 384 1305 408 quam
1320 378 1497 409 presentibus
1518 379 1617 401 notum
1631 378 1688 401 fieri
1704 378 1845 407 volumus,
1865 385 1931 409 qua-

87 426 154 449 liter
174 433 225 449 nos
246 426 410 450 interventu
428 425 456 448 et
470 424 616 455 peticione
631 423 793 446 nostrorum
808 421 933 445 fidelium
954 421 1119 451 Burchardi,
1135 422 1370 445 monasteriensis
1384 422 1524 454 episcopi,
1539 420 1671 452 Octonis,
1685 422 1931 454 bavembergensis

88 470 226 502 episcopi,
245 470 382 497 Erlumbi,
401 468 638 499 werceburgensis
656 467 794 498 episcopi,
816 465 977 496 Godeiridi,
999 466 1124 497 palatini
1144 466 1270 495 comitis,
1288 467 1462 497 Berengarii,
1482 466 1608 494 comitis,
1635 466 1786 490 Heni-icum
1806 469 1835 490 et
1860 473 1930 490 uxo·

89 522 147 538 rem
166 522 244 538 suam
263 514 426 542 Adelasam,
446 512 616 542 Marsilium,
637 511 803 538 Hubertum.
823 513 850 534 et
864 511 1033 542 Ugolonem,
1053 518 1212 543 germanos,
1238 511 1437 544 Henriconem,
1457 510 1599 535 Litolfum
1614 513 1642 535 et
1657 509 1850 539 Gumbcrtum,
1870 518 1929 543 ger—

90 566 198 589 manos,
216 566 279 583 cum
297 558 434 582 uxoribus
453 559 480 580 et
498 557 648 580 heredibus
668 555 794 584 illorum,
815 563 885 586 quos
905 556 950 579 vel
971 563 1040 586 quas
1059 556 1165 579 habent
1184 556 1228 579 vel
1248 556 1375 579 habituri
1392 558 1466 583 sunt,
1480 558 1508 579 et
1521 555 1686 588 specialiter
1704 558 1835 583 castrum,
1855 556 1929 587 quod

89 605 208 627 vocatur
226 602 369 632 Carraria,
387 609 449 625 cum
470 601 602 625 omnibus
631 600 750 624 allodiis
770 602 798 623 et
816 599 962 623 beneficiis
982 599 1147 627 libellariis,
1168 601 1312 631 precariis,
1333 601 1360 624 et
1382 607 1445 624 curn
1466 600 1598 624 omnibus
1625 601 1704 623 robus
1731 600 1884 623 mobilibus
1904 601 1932 623 et

90 647 288 676 inmobilibus,
306 647 396 670 servis
415 647 442 670 et
462 645 588 673 ancillis.
608 652 661 676 que
682 651 756 668 nunc
775 645 880 668 habent
901 644 944 668 vel
964 644 1090 668 habituri
1111 646 1192 674 sunt3
1214 646 1330 676 insuper
1350 645 1439 668 eciam
1467 645 1670 668 monasterium
1691 644 1787 668 Sancti
1814 644 1931 668 Steti'ani

91 699 153 715 cum
181 692 312 715 omnibus
342 691 432 719 rebus,
460 697 528 721 quas
557 697 630 714 nunc
656 689 763 713 habent
790 689 834 712 vel
863 689 893 712 in
924 688 1028 712 futuris
1057 690 1201 719 acquirere
1227 691 1370 721 poterunt,
1400 690 1428 712 in
1460 688 1655 712 mundiburdii
1684 690 1773 712 nostri
1804 690 1932 712 tuicione

91 736 273 768 suscepimus,
292 736 344 759 hac
364 735 500 758 videlicet
519 734 702 762 condicione,
720 735 752 757 ut
773 733 870 757 nullus
890 733 1027 762 marchio,
1047 740 1140 756 comes
1161 733 1205 756 vel
1223 734 1388 761 vicecomes,
1414 733 1571 757 seultacius
1591 733 1634 756 vel
1659 732 1863 762 vicedominus,
1885 740 1932 763 ga-

89 779 207 808 staldus,
226 780 271 803 vel
290 779 421 807 decanus,
442 778 485 802 vel
504 779 593 801 eciam
616 779 674 809 ipse
693 778 846 809 episcopus
868 783 917 801 eos
943 777 1075 809 deinceps
1102 777 1261 805 molestare,
1290 778 1458 808 inquietare,
1485 777 1646 805 disvestire,
1670 778 1713 800 vel
1735 777 1768 800 ad
1789 777 1932 808 palacium

88 824 200 848 trahere
216 830 334 855 usquam
351 824 482 847 homines
501 830 582 854 super
601 829 698 846 eorum
719 822 795 845 bona
814 821 977 845 habitantes
996 820 1108 850 audeat,
1128 821 1173 845 vel
1195 821 1318 852 aliquam
1339 822 1483 853 publicam
1506 822 1684 845 functionem
1711 821 1809 845 facere.
1847 821 1881 844 Et
1901 823 1932 844 ut

90 869 255 892 molendina
274 869 306 892 in
328 867 505 897 fluminibus,
526 866 611 890 terris
626 866 743 890 illorum
757 866 963 896 adiacentibus,
985 865 1104 889 licenter
1123 865 1263 893 edificent,
1278 866 1396 889 firmiter
1412 867 1595 897 precipimus.
1620 865 1649 889 Si
1665 867 1727 897 quis
1742 868 1834 889 autem
1848 866 1933 888 huius

90 914 181 937 nostri
201 912 400 937 mundiburdii
418 913 580 944 preceptum
601 910 780 942 infringerit,
801 911 873 934 sciat
894 917 921 933 se
935 910 1159 941 compositurum
1174 910 1252 934 mille
1267 911 1356 934 libras
1377 910 1523 942 purissimi
1544 911 1616 938 auri,
1632 911 1811 934 medietatem
1826 917 1934 933 camere

92 960 197 986 nostre,
216 957 394 981 medietatem
415 957 553 988 predictis
573 955 739 979 hominibus
758 961 911 985 eorumque
930 954 1089 978 heredibus.
1127 954 1165 978 Ut
1185 957 1277 979 autem
1298 955 1351 978 hoc
1373 963 1468 979 verum
1489 962 1547 978 esse
1567 955 1699 978 credatur
1714 956 1741 978 et
1755 955 1787 978 ab
1801 955 1934 978 omnibus

92 1002 302 1026 inviolabiliter
321 1003 512 1030 conservetur,
532 1001 605 1024 hanc
626 1001 732 1023 cartam
753 1007 837 1023 manu
852 999 970 1030 propria
984 999 1197 1023 corroboratam
1217 1000 1405 1031 impressione
1419 1000 1513 1023 nostri
1527 1000 1621 1031 sigilli
1637 1000 1773 1031 insigniri
1790 1000 1932 1023 iussimus.

180 1046 300 1078 Signum
321 1046 444 1078 predicti
463 1045 575 1069 domini
594 1045 711 1069 Henrici
731 1043 790 1075 (til)
809 1043 906 1075 quarti
924 1042 1119 1067 Romanorum
1140 1045 1324 1075 imperatoris
1344 1043 1549 1069 illustrissimi.

179 1091 337 1116 Burcardus
356 1089 546 1115 cancellarius
566 1089 744 1121 registravit.

181 1136 285 1159 Datum
309 1135 418 1159 decimo
439 1134 494 1158 kal.
513 1133 661 1161 februarii,
683 1133 771 1156 indic.
792 1132 920 1165 septima,
939 1139 1016 1156 anno
1035 1132 1180 1157 dominice
1200 1133 1415 1156 incarnacionis
1436 1133 1590 1157 millesimo
1610 1134 1765 1157 centesimo
1786 1132 1935 1164 quartode—

93 1181 179 1208 cimo.
199 1182 337 1212 regnante
355 1179 479 1203 Heni-ico
499 1179 600 1209 quarto
620 1185 685 1209 rege
704 1176 901 1201 Romanorum
920 1183 998 1200 anno
1019 1178 1153 1210 septimo,
1173 1178 1333 1208 imperante
1353 1178 1485 1201 secundo.

180 1224 283 1249 Actum
303 1226 344 1248 est
364 1223 530 1253 Warmacie,
551 1223 580 1246 in
602 1220 719 1246 Christo
742 1221 875 1245 feliciter.
912 1221 1014 1245 Amen.

180 1309 241 1341 Ego
261 1308 287 1340 [⁸
300 1307 332 1341 *]‚
352 1307 439 1332 iudex
459 1307 672 1338 infrascriptus,
693 1314 735 1330 me
753 1307 920 1339 subscripsi.

177 1353 238 1385 Ego
257 1353 408 1381 Iohannes,
429 1353 560 1376 notarius
579 1353 661 1376 testis
676 1359 706 1375 ac
721 1351 825 1380 socius,
845 1351 1030 1384 infrascripte
1045 1351 1242 1383 publicacioni
1255 1354 1282 1376 et
1297 1352 1497 1376 insinuacIOni
1516 1352 1687 1383 exemplaris
1701 1351 1822 1383 exempli
1838 1351 1936 1374 huius-

93 1398 169 1422 modi
199 1398 273 1422 facte
301 1405 350 1431 per
374 1397 612 1426 Bertholameum,
639 1396 784 1421 notarium
807 1396 1032 1428 infrascriptum,
1061 1397 1192 1428 interfui,
1218 1398 1247 1421 et
1273 1397 1339 1428 quia
1364 1398 1508 1429 exemplar
1535 1404 1597 1421 cum
1623 1397 1753 1428 exemplo
1780 1396 1879 1420 inveni
1905 1396 1934 1420 in

93 1443 225 1467 omnibus
245 1443 421 1471 concordari,
442 1449 484 1466 me
503 1441 668 1473 subscripsi.

181 1488 210 1512 S.
229 1489 266 1512 N.
285 1487 345 1519 Ego
365 1487 588 1515 Bertholameus,
607 1486 683 1510 filius
703 1493 747 1510 ser
765 1485 847 1510 Pacis
870 1487 1003 1518 hospitis,
1030 1486 1176 1510 habitator
1203 1487 1297 1511 Padue
1324 1488 1353 1510 in
1374 1488 1519 1518 quarterio
1537 1487 1633 1515 Domi,
1653 1488 1818 1511 centenario
1838 1486 1937 1510 Sancti

92 1531 220 1556 Tomasii
241 1540 272 1556 ac
293 1533 424 1556 contrata
438 1532 536 1556 Sancti
558 1531 697 1555 Iohannis
718 1537 734 1555 a
753 1531 883 1559 navibus,
904 1531 976 1554 sacri
996 1531 1098 1563 palatii
1115 1532 1312 1563 imperialique
1332 1532 1507 1556 auctoritate
1529 1533 1659 1555 notarius
1679 1534 1707 1555 et
1727 1531 1859 1555 officialis
1879 1531 1935 1554 exi-

92 1579 169 1601 stens
186 1577 222 1602 ad
242 1577 350 1601 discum
369 1577 468 1605 Bovis,
487 1584 582 1600 coram
603 1576 726 1599 discreto
747 1577 774 1599 et
794 1576 917 1607 sapienti
939 1576 1003 1599 viro
1023 1575 1142 1600 domino
1162 1576 1294 1600 Antonio
1313 1577 1345 1600 de
1366 1576 1530 1607 Granfione,
1552 1576 1645 1600 iudice
1659 1578 1686 1600 et
1705 1576 1823 1600 officiali
1843 1582 1936 1599 comu-

94 1623 139 1646 nis
157 1621 251 1646 Padue
269 1621 303 1646 ad
320 1621 428 1646 dictum
449 1621 568 1649 discum,
588 1621 795 1652 antescriptum
815 1620 977 1652 exemplum
997 1628 1031 1644 ex
1052 1621 1210 1653 privilegio
1232 1621 1425 1645 illustrissimi
1443 1621 1559 1645 lienrici
1579 1621 1683 1652 quarti,
1703 1621 1802 1644 divina
1824 1621 1936 1643 favente

94 1667 255 1696 clementia,
274 1666 469 1690 Romanorum
490 1665 672 1697 imperatoris
692 1665 815 1697 augusti,
836 1672 915 1693 sano,
936 1666 1058 1696 integro,
1075 1665 1168 1694 illeso,
1188 1673 1218 1689 ac
1239 1667 1269 1689 in
1290 1666 1385 1697 aliqua
1405 1667 1447 1690 sui
1470 1667 1548 1698 parte
1570 1665 1737 1696 aliqualiter
1758 1673 1812 1688 non
1828 1664 1936 1688 viciato

93 1711 248 1743 sigilloque
266 1711 357 1744 ipsius
377 1711 487 1735 domini
510 1711 693 1742 imperatoris
712 1710 842 1742 impressi
865 1711 1022 1733 munimine
1048 1711 1192 1741 roborato,
1221 1718 1284 1734 cum
1306 1711 1413 1734 litteris
1440 1710 1627 1734 circularibus
1646 1712 1674 1733 et
1699 1709 1787 1741 figura
1813 1709 1938 1732 eiusdem

93 1756 204 1780 domini
225 1756 417 1788 imperatoriS,
435 1762 504 1788 quas
524 1755 637 1786 quidem
656 1755 769 1778 litteras
789 1757 905 1786 propter
925 1756 1016 1786 ipsius
1037 1755 1127 1786 sigilli
1150 1757 1319 1779 vetustatem
1333 1756 1425 1787 legere
1440 1756 1563 1787 perfecte
1584 1756 1709 1786 nequivi,
1729 1757 1755 1778 et
1769 1761 1864 1778 coram
1879 1762 1940 1785 pre-

96 1802 157 1825 fato
185 1801 280 1825 iudice
308 1802 432 1830 ostenso,
462 1800 537 1824 lecto
562 1801 590 1833 et
615 1807 663 1832 per
690 1806 733 1823 me
760 1800 991 1824 Bartholomeum
1017 1801 1161 1824 notarium
1191 1801 1220 1824 in
1248 1802 1394 1832 presencia
1420 1801 1598 1824 notariorum
1628 1800 1880 1831 infrascriptorum
1910 1801 1936 1822 et

93 1846 217 1870 allorum
237 1845 446 1877 quamplurium
467 1845 635 1868 verbotenus
655 1844 814 1875 publicato,
842 1844 934 1876 ipsius
960 1844 1066 1868 iudicis
1084 1845 1161 1877 jussu
1181 1847 1208 1868 et
1229 1846 1408 1875 auctoritate,
1428 1847 1454 1869 et
1474 1845 1546 1878 juris
1572 1846 1598 1868 et
1619 1846 1789 1868 statutorum
1811 1843 1940 1867 comunis

96 1891 190 1915 Padue
208 1890 390 1918 solemnitate
411 1891 531 1920 servata,
550 1888 663 1920 aliquid
684 1896 742 1913 non
763 1889 868 1913 addens
889 1896 938 1912 nec
959 1890 1099 1918 minuens,
1119 1897 1168 1921 per
1187 1891 1261 1921 quod
1286 1897 1382 1913 sensus
1403 1891 1529 1914 varietur
1549 1890 1593 1914 vel
1609 1891 1755 1914 sentencia
1775 1889 1940 1920 aliqualiter

94 1936 286 1963 conmutetur,
306 1934 474 1967 transcripsi
496 1936 523 1958 et
543 1933 664 1958 fideliter
684 1933 856 1966 exemplavi,
878 1934 981 1963 Padue,
1001 1934 1030 1957 in
1052 1935 1168 1958 comuni
1187 1935 1310 1966 palacio,
1330 1934 1364 1958 ad
1384 1935 1494 1958 discum
1520 1935 1609 1958 Bovis
1635 1935 1802 1967 predictum,
1828 1941 1904 1958 anno
1924 1941 1939 1956 a

97 1980 251 2004 nativitate
270 1980 390 2004 Domini
417 1979 574 2003 millesimo
600 1979 802 2002 trecentesimo
828 1979 1066 2010 quinquagesimo
1092 1979 1224 2008 secundo,
1251 1980 1410 2003 indictione
1437 1981 1545 2011 quinta,
1574 1980 1619 2003 die
1644 1980 1711 2003 lune
1736 1986 1814 2003 nono
1834 1979 1940 2002 mensis

97 2025 231 2056 ianuarii,
251 2024 430 2056 presentibus
450 2031 493 2047 ser
513 2023 635 2055 Angelo,
655 2031 681 2054 q.
701 2023 810 2046 domini
838 2022 916 2047 Petri
937 2023 970 2046 de
995 2023 1154 2051 Candkma,
1174 2023 1207 2047 de
1224 2025 1355 2048 contrata
1375 2024 1476 2048 Sancte
1503 2024 1620 2053 Cet-ilie,
1640 2024 1776 2053 Iohanne,
1797 2023 1937 2054 quondam

97 2069 206 2094 domini
226 2069 322 2093 Iacobi
344 2068 488 2096 Foseardi,
508 2069 541 2092 de
561 2069 694 2092 contrata
707 2068 804 2092 Sancti
819 2068 1020 2096 Bettholamei,
1034 2070 1061 2092 et
1076 2068 1239 2098 Francisco,
1254 2070 1397 2100 quondam
1413 2076 1455 2092 ser
1469 2069 1617 2092 Dominici
1639 2076 1654 2092 a
1668 2068 1740 2096 Sale,
1755 2068 1789 2092 de
1808 2069 1941 2091 contrata

94 2114 193 2138 Sancti
212 2113 368 2143 Anthonii,
389 2113 513 2136 notariis
534 2113 569 2136 ad
590 2112 700 2136 dictum
721 2112 839 2141 discum,
859 2114 887 2136 et
906 2112 983 2136 aliis.

379 2201 441 2234 IX.
464 2219 507 2224 —
531 2200 703 2233 Marsilio.

186 2283 235 2314 16.
259 2282 305 2324 [7]
329 2300 368 2305 —
388 2281 521 2319 Questo
540 2281 696 2313 Marsilio
713 2281 746 2313 io
762 2287 861 2313 trovo
878 2291 993 2313 essere

95 2336 274 2369 descendit
303 2337 349 2368 da
379 2335 598 2377 sovrascripti
630 2335 739 2367 nobili
770 2334 827 2366 del
850 2334 993 2367 castello

94 2390 138 2422 de
162 2390 320 2427 Carrara,
344 2399 400 2420 ma
423 2399 488 2430 pur
511 2389 592 2431 qual
617 2388 709 2420 fosse
741 2388 773 2420 el
804 2398 906 2420 nome
936 2387 994 2419 del

96 2453 190 2485 pare,
215 2448 336 2484 questo
360 2442 394 2474 io
418 2452 488 2474 non
511 2447 609 2473 trovo
624 2441 646 2472 ¹.
681 2440 741 2472 Ma
757 2447 933 2473 constame
950 2440 994 2473 de

97 2565 150 2595 cit„
163 2564 207 2588 ed.
220 2565 278 2594 cit„
293 2571 320 2596 p.
335 2562 361 2595 7)
375 2563 536 2588 l’esistenza
551 2564 579 2588 di
594 2562 644 2595 piu
658 2563 786 2587 antichi:
803 2563 883 2587 “fieri
898 2565 992 2587 autem

99 2607 112 2620 ‘⁴
123 2610 228 2640 potest,
239 2609 271 2632 ut
290 2610 318 2632 et
337 2609 402 2632 ante
421 2608 451 2632 id
465 2609 575 2639 tempus
589 2608 624 2631 ab
638 2608 842 2631 vetustioribus
864 2608 992 2631 romanis

101 2651 307 2682 “principibus
333 2657 392 2674 eam
419 2651 588 2682 potestatem
612 2650 818 2681 amplioremve
843 2650 990 2674 consecuti

100 2696 112 2709 “
124 2697 183 2719 sint
197 2711 219 2723 η.
256 2695 282 2718 Α
314 2695 495 2727 prescindere
523 2695 792 2727 dall'esagerazione
821 2695 993 2718 umanistica

99 2738 274 2766 deu’autore,
296 2737 316 2761 il
337 2737 420 2768 quale
440 2744 620 2770 presuppone
640 2737 667 2761 la
688 2737 866 2761 distruzione
891 2737 919 2760 di
947 2737 995 2761 do-

97 2781 220 2804 cumenti
244 2779 319 2803 forse
345 2781 400 2803 mai
425 2780 540 2808 esistiti,
561 2779 618 2811 egli
646 2786 703 2803 non
724 2779 823 2808 rileva,
850 2779 993 2810 probabil-

99 2825 192 2846 mente
210 2830 259 2854 per
278 2823 434 2853 ignoranza
455 2822 486 2846 di
506 2822 736 2846 identificazione
759 2821 802 2845 dei
824 2821 948 2850 titolari,
967 2821 994 2845 la

99 2864 222 2888 identita
236 2864 266 2888 di
281 2871 401 2896 persona
415 2865 445 2888 in
460 2865 593 2888 Marsilio
614 2865 657 2888 dei
674 2863 727 2887 due
741 2863 918 2888 documenti.
944 2863 995 2887 So-

100 2913 149 2938 pra
168 2906 191 2930 il
205 2906 360 2938 privilegio
373 2908 421 2938 qui
439 2908 560 2930 inserito
573 2907 611 2930 cf.
626 2913 694 2938 pure
709 2907 874 2935 munirem,
890 2906 994 2930 Hs'stor.

101 2949 185 2977 Eccl.,
199 2949 217 2972 l.
231 2948 304 2977 XIX,
317 2956 343 2981 p.
358 2954 420 2981 734,
438 2949 459 2972 il
473 2949 556 2980 quale
569 2949 759 2980 giustamente
774 2946 865 2972 chiari
881 2948 995 2971 l'errore

101 2990 147 3014 del
166 2989 266 3015 Piloni
279 2998 293 3014 e
306 2990 352 3014 del
371 2991 524 3015 Boniiacio
545 2990 591 3014 nel
612 2990 688 3014 farlo
703 2991 808 3014 servire
827 2997 875 3022 per
895 2990 922 3013 la
936 2991 996 3014 sto-

1321 2201 1382 2233 IX.
1408 2220 1447 2224 —-
1475 2201 1664 2234 Marsilz‘us.

1141 2284 1188 2313 16.
1207 2281 1262 2324 [7].
1281 2300 1322 2304 -4
1337 2281 1559 2325 Magnatibus
1575 2282 1816 2324 suprascriptis
1830 2282 1872 2313 de
1885 2291 1941 2313 ca-

1047 2342 1117 2367 stro
1127 2335 1289 2367 Carraria
1303 2336 1483 2373 successit,
1501 2335 1609 2367 sedde
1624 2335 1731 2376 patris
1749 2335 1887 2366 nomine
1906 2340 1941 2365 et

1047 2394 1145 2420 recta
1165 2389 1329 2429 temporis
1345 2388 1567 2420 successione
1584 2388 1718 2430 antiqui
1742 2398 1811 2419 non
1829 2387 1941 2428 expri-

1049 2448 1145 2474 munt
1169 2442 1320 2473 codices.
1357 2441 1500 2473 Constat
1523 2446 1639 2473 tamen
1670 2452 1759 2477 eum,
1790 2447 1827 2472 ut
1850 2440 1942 2471 infra

1047 2564 1089 2587 ria
1110 2564 1139 2587 di
1160 2564 1282 2587 Belluno
1308 2570 1322 2586 e
1347 2563 1482 2591 Trevism
1503 2561 1633 2590 Onsno,
1662 2562 1733 2586 Hist.
1763 2562 1839 2585 l’ad..
1858 2561 1878 2585 l.
1900 2568 1938 2591 19,

1047 2606 1096 2629 che
1114 2606 1143 2630 lo
1158 2605 1293 2637 pubblicc')
1308 2605 1582 2636 impcrsettamente;
1603 2604 1729 2634 CnoLDO,
1743 2607 1783 2633 op.
1803 2603 1857 2632 cit.,
1878 2609 1905 2634 p.
1925 2610 1938 2633 5

1048 2656 1125 2680 sgg.3
1149 2650 1175 2673 S.
1196 2648 1319 2680 Slejsano,
1340 2655 1365 2679 p.
1390 2648 1421 2672 18
1440 2655 1498 2678 sgg.

1137 2690 1145 2705 ¹
1161 2690 1427 2714 L’identificazione
1442 2690 1468 2713 di
1486 2689 1626 2716 Marsilio,
1641 2696 1695 2713 con
1711 2689 1731 2712 il
1748 2688 1827 2719 figlio
1843 2687 1870 2710 di
1886 2686 1938 2710 Mt-

1047 2735 1122 2763 lone,
1143 2734 1171 2757 di
1192 2734 1238 2757 eui
1261 2735 1286 2757 ai
1309 2741 1331 2757 c.
1356 2739 1384 2756 ¹2
1406 2741 1420 2756 e
1443 2740 1481 2764 14,
1502 2730 1599 2763 sfuggi'
1618 2733 1645 2755 ai
1666 2731 1870 2763 genealogisti,
1891 2737 1940 2761 per

1048 2777 1212 2809 ignoranza,
1242 2774 1424 2799 dissimulata
1446 2775 1492 2798 cal
1519 2774 1663 2798 rcdattore
1688 2774 1720 2801 A,
1746 2774 1940 2804 apertamcnte

1048 2819 1211 2843 consessata
1231 2819 1260 2841 in
1284 2817 1314 2845 Β,
1335 2815 1436 2849 perch'e
1457 2818 1500 2840 nei
1528 2817 1690 2840 documenti
1714 2815 1821 2839 riferiti
1843 2822 1939 2838 manca

1050 2861 1076 2884 la
1097 2857 1239 2892 paternitc't
1260 2859 1303 2883 del
1324 2859 1457 2886 titolare3
1479 2858 1595 2881 l'crrore
1617 2858 1646 2881 fu
1672 2857 1796 2888 ripetuto
1818 2857 1864 2888 poi
1893 2855 1939 2878 dal

1051 2903 1194 2935 VergeriO.
1232 2901 1276 2925 Ma
1301 2900 1335 2925 n'c
1348 2901 1441 2932 questi
1456 2899 1513 2924 nei
1533 2902 1594 2924 suoi
1613 2900 1803 2931 predecessori
1823 2905 1940 2929 seppero

1050 2945 1223 2976 raccogliere
1244 2945 1362 2968 intorno
1377 2943 1432 2967 alla
1449 2949 1568 2974 persona
1582 2942 1611 2966 di
1626 2942 1757 2966 Mai-silio
1771 2941 1878 2965 notizie
1892 2940 1940 2971 piu

1049 2989 1156 3021 precise
1175 2987 1205 3011 di
1225 2987 1317 3017 quelle
1337 2985 1432 3010 offerte
1452 2985 1499 3009 dai
1513 2985 1567 3009 due
1580 2984 1759 3009 documenti:
1774 2983 1903 3007 soltanto
1918 2983 1939 3006 il

1972 2692 2000 2715 15

1971 2905 2003 2921 20
