2346 3597
80 757 112 784 10

80 980 110 1007 15

74 1238 109 1265 20

73 1462 107 1488 25

65 1751 107 1782 30

72 2071 106 2098 35

74 2294 109 2321 40

76 2518 109 2544 45

75 2780 111 2808 50

491 137 664 172 GESTA
694 137 1001 172 MAGNIFICA
1030 138 1216 173 DOMUS
1246 139 1637 175 CARRARIENSIS

142 268 228 300 ditto
245 269 358 310 Repe,
373 268 524 301 receudo
537 279 601 310 per
613 267 808 307 Petrocina,
822 278 882 300 soa
894 268 1036 307 moiere‚

141 322 221 354 fiola
244 323 310 354 che
334 323 372 355 fo
404 323 448 355 de
472 322 575 355 Piero
600 323 644 354 de
669 321 898 358 Bernardino,
922 322 966 353 de
990 333 1037 353 un

141 385 179 407 so
196 376 257 407 feo
274 376 330 407 nel
347 375 441 407 mille
462 377 609 407 dusento
626 375 813 418 cinquanta
830 380 912 412 otto,
938 384 1036 406 como

142 429 200 472 qui
224 430 267 461 de
289 435 380 462 sotto
403 439 534 471 appare
547 428 569 463 ¹.

230 537 262 562 In
282 538 336 562 Dei
355 538 481 562 nomine.
518 538 604 562 Anno
623 538 748 562 eiusdem
764 538 930 561 nativitatis
945 536 1102 560 millesimo
1117 536 1314 560 ducentesimo
1327 536 1567 568 quinquagesimo
1581 539 1696 566 octavo,
1718 539 1864 562 indicione
1884 541 1985 571 prima,

143 582 188 605 die
207 582 411 606 terciodecimo
429 584 551 606 exeunte
570 583 655 612 maio,
673 583 701 606 in
723 581 866 611 Carraria,
887 581 936 605 sub
952 581 1036 604 domo
1051 581 1217 609 communiS‚
1233 588 1285 611 que
1299 582 1341 604 est
1356 581 1429 612 apud
1444 581 1590 605 ecclesiam
1605 583 1696 606 sancti
1714 582 1843 615 Georgii,
1858 585 1886 606 in
1902 584 1986 615 plena

141 627 220 650 curia
240 627 438 651 vassallorum.
475 627 656 650 Presentibus
675 627 733 650 hiis
752 627 874 650 testibus
894 626 1004 657 rogatis
1023 627 1051 649 et
1071 625 1248 655 convocatis,
1271 625 1382 649 scilicet
1401 626 1559 656 presbitero
1581 627 1701 650 Micaele
1720 628 1845 651 eiusdem
1860 629 1986 657 ecclesie,

140 671 260 695 domino
280 670 363 695 Petro
383 670 526 702 quondam
547 671 659 695 domini
679 670 824 695 Guidonis
851 671 884 694 de
909 669 1100 701 Curniglana,
1129 669 1282 693 Benedicto
1309 669 1459 701 Cagnano,
1486 671 1668 702 Hengenulfo
1694 673 1821 700 notario,
1841 675 1867 696 et
1881 672 1894 687 *
1909 672 1922 687 *
1936 673 1949 688 *
1963 674 1985 702 *,

142 717 188 747 qui
210 715 317 739 dicitur
335 715 439 743 Radus‚
460 716 565 748 nepote
584 715 654 739 dieti
677 715 702 739 d.
722 715 800 739 Petri
821 716 849 738 et
869 715 944 739 aliis.
982 715 1079 745 Ibique
1100 714 1234 737 dominus
1254 714 1374 745 Ugucio,
1396 714 1472 738 filius
1486 723 1511 746 q.
1527 715 1552 738 d.
1572 715 1668 739 iacobi
1680 715 1714 740 de
1733 716 1875 745 Carraria,
1892 725 1943 748 pro
1959 725 1985 741 se

142 761 170 784 et
190 760 328 784 fratribus
347 761 406 783 suis
425 760 579 783 Albertino
599 762 626 784 et
645 759 787 789 Mamilio,
806 759 986 791 presentibus
1006 760 1033 782 et
1054 759 1304 782 consencientibus
1324 760 1351 782 et
1379 766 1508 791 expresse
1535 760 1709 788 volentibus,
1729 762 1756 784 et
1778 762 1867 785 eciam
1887 769 1938 793 pro
1959 762 1985 785 d.

142 804 305 832 Bonifacio‚
324 811 420 828 eorum
442 805 538 833 fratre,
557 805 680 835 absente,
702 805 855 828 investivit
868 804 1032 832 Iohannem,
1052 805 1099 834 qui
1121 803 1228 827 dicitur
1248 803 1333 835 Repe,
1353 805 1537 836 recipientem
1559 812 1611 836 pro
1631 805 1789 836 PetrecIna,
1809 807 1868 829 eius
1888 813 1986 835 uxore,

143 848 232 873 filiam
251 856 278 880 q.
297 848 375 873 Petri
395 849 428 872 de
448 849 634 877 Bernardino,
655 849 689 872 de
710 856 759 872 suo
781 849 867 872 feudo
891 850 920 872 et
946 849 1090 872 racionem
1111 848 1156 871 sui
1179 847 1266 877 feudi,
1292 848 1368 879 quod
1396 849 1466 871 olim
1490 850 1570 880 pater
1596 850 1655 872 eius
1683 850 1782 873 Petrus
1808 850 1842 873 de
1868 850 1985 873 Bernar-

143 894 213 917 dino
232 893 332 917 habuit
351 894 378 917 et
397 894 491 917 tenuit
511 901 526 917 a
546 893 573 918 d.
592 893 696 917 Iacobo
717 893 750 917 de
777 893 918 921 Carraria,
939 894 1019 925 patre
1038 892 1183 916 dictorum
1211 892 1392 916 dominorum
1415 892 1583 924 Ugucionis,
1610 894 1765 924 Bonifaeii,
1791 894 1937 918 Albertini
1957 896 1985 918 et

141 938 276 967 Marsilii,
296 945 371 962 nunc
391 939 485 962 autem
504 938 588 962 habet
607 940 635 962 et
655 939 733 962 tenet
754 946 767 962 a
787 938 925 970 predictiS
946 937 1082 961 fratribus
1104 937 1165 960 illis
1186 938 1278 968 pactis
1297 939 1326 961 et
1346 938 1575 967 conditionibus,
1596 939 1671 969 quod
1689 939 1723 962 ab
1746 940 1808 971 ipso
1828 940 1855 963 d.
1881 939 1985 963 Iacobo

141 983 262 1007 habebat
282 984 309 1007 et
328 983 451 1011 tenebat,
471 984 498 1006 et
518 983 599 1007 salvo
613 983 688 1014 quod
703 983 814 1006 nullum
829 983 919 1006 saciat
934 982 1126 1014 preiudicium
1142 982 1227 1005 dictis
1242 982 1369 1005 dominis
1383 984 1500 1013 propter
1515 982 1622 1006 dictam
1636 983 1850 1014 investituram,
1866 984 1890 1007 si
1905 984 1984 1008 dicta

139 1027 288 1051 Petrecina
308 1027 352 1051 vel
372 1029 452 1059 pater
471 1028 531 1051 eius
552 1028 677 1059 aliquam
697 1028 811 1051 comisit
831 1027 952 1058 culpam.
993 1025 1050 1054 Qui
1071 1027 1193 1050 Ioannes
1213 1034 1265 1059 pro
1291 1027 1370 1050 dicta
1397 1027 1546 1051 Petrecina
1565 1029 1676 1060 juravit
1698 1027 1866 1052 fidelitatem
1893 1029 1980 1052 dictis

141 1072 267 1096 dominis
286 1071 491 1104 recipientibus
511 1079 563 1103 pro
582 1079 611 1096 se
630 1074 658 1095 et
678 1072 766 1095 fratre
786 1079 836 1095 suo
858 1071 1010 1095 Bonifacio
1032 1072 1132 1095 contra
1151 1071 1310 1102 quamlibet
1331 1079 1481 1102 personam
1503 1071 1657 1096 secundum
1678 1072 1799 1096 formam
1814 1074 1984 1097 sacramenti

140 1116 297 1144 fidelitatis.
316 1118 437 1148 excepto
457 1117 576 1140 domino
598 1118 769 1149 imperatore
788 1118 816 1140 et
836 1116 894 1140 suis
916 1116 1111 1140 anterioribus
1130 1116 1267 1139 dominis.

227 1160 254 1184 S.
275 1161 312 1185 N.
332 1160 391 1193 Ego
411 1160 567 1189 Rolandus,
586 1160 662 1184 filius
682 1169 708 1192 q.
727 1159 833 1184 Lovati
853 1160 972 1189 notarii,
993 1160 1151 1191 imperialis
1172 1160 1235 1183 aule
1255 1161 1397 1189 notarius,
1419 1160 1538 1184 interfui
1559 1162 1588 1184 et
1606 1162 1686 1193 jussu
1712 1169 1809 1185 eorum
1831 1163 1942 1195 scripsi.

228 1241 289 1273 Ego
307 1241 521 1273 Justi[ni]anus,
541 1242 626 1266 iudex
647 1242 832 1273 subscriptus.
853 1249 895 1266 me
915 1242 1081 1274 subscripsi.

231 1286 290 1318 Ego
309 1287 453 1315 Dinellus,
474 1287 606 1311 notarius
626 1287 708 1311 testis
730 1287 941 1319 infrascriptus,
962 1294 1004 1310 me
1024 1287 1181 1318 subscripsi
1201 1288 1228 1310 et
1248 1287 1400 1310 ascultavi.

229 1331 257 1356 S.
278 1332 313 1355 N.
333 1331 393 1363 Ego
415 1331 583 1359 Bernardus,
605 1331 675 1355 olim
690 1331 716 1355 d.
730 1331 806 1355 Petri
821 1331 926 1364 judicis
941 1331 975 1355 de
989 1330 1110 1355 Casellis
1126 1331 1211 1359 filim,
1226 1332 1299 1355 civis
1314 1332 1471 1363 paduanuS‚
1485 1332 1616 1355 notarius
1629 1332 1839 1363 ultrascriptuS,
1859 1334 1984 1357 existens

140 1377 171 1400 in
189 1376 283 1400 officio
303 1375 501 1407 ultrascripto,
521 1383 614 1400 coram
635 1376 749 1408 prefato
770 1376 873 1407 iudice,
895 1376 1073 1408 presentibus
1094 1377 1230 1408 predictis
1250 1377 1371 1400 testibus
1396 1377 1522 1399 notariis
1537 1378 1563 1400 et
1577 1377 1666 1400 sociis
1687 1376 1720 1400 ad
1741 1378 1846 1401 dictum
1870 1378 1979 1401 discum

140 1420 223 1444 Porci
241 1422 268 1444 et
287 1420 366 1449 aliis,
387 1420 459 1444 dicti
478 1420 584 1454 judicis
602 1422 680 1453 jussu
700 1423 727 1445 et
748 1421 928 1450 auctoritate,
950 1423 1122 1445 statutorum
1143 1422 1303 1445 communis
1323 1420 1417 1444 Padue
1439 1421 1626 1445 solemnitate
1646 1423 1758 1445 servata
1778 1424 1805 1445 et
1827 1422 1925 1453 forma,
1941 1430 1984 1446 su-

139 1464 300 1498 pradictum
318 1465 541 1489 instrumentum
561 1473 595 1489 ex
615 1467 779 1489 auttentico
800 1465 957 1498 supradicti
978 1465 1103 1489 Rolandi
1126 1466 1234 1489 notarii
1259 1473 1284 1497 q.
1309 1465 1417 1489 Lovati
1436 1465 1559 1489 fideliter
1577 1466 1739 1498 exemplavi
1765 1467 1904 1498 signoque
1924 1475 1984 1491 meo

139 1509 228 1534 solito
247 1510 391 1541 roboravi,
414 1510 456 1533 nil
475 1510 506 1533 in
526 1517 560 1534 eo
581 1510 687 1534 addens
707 1510 753 1534 vel
774 1511 913 1538 minuens,
925 1511 1001 1541 quod
1022 1512 1195 1534 sentenciam
1216 1512 1315 1539 mutet,
1330 1512 1460 1534 currente
1475 1518 1550 1533 anno
1571 1510 1690 1534 Domini
1706 1511 1861 1535 millesimo
1875 1513 1982 1535 trecen-

138 1555 241 1579 tesimo
261 1555 499 1587 quinquagesimo
520 1555 622 1587 primo,
642 1555 807 1578 indictione
827 1556 937 1586 quarta,
958 1555 1002 1578 die
1023 1562 1102 1579 nono
1123 1556 1228 1578 mensis
1248 1555 1324 1587 maij,
1346 1556 1486 1586 regimine
1505 1555 1660 1579 antedicto.

225 1643 276 1675 55.
298 1661 342 1666 —
367 1643 606 1681 Instrumento,
631 1653 731 1675 como
755 1643 875 1683 Ionco,
906 1644 971 1674 che
996 1643 1032 1675 fo

134 1694 179 1728 de
194 1695 351 1728 Albertin
364 1696 408 1728 de
423 1696 546 1728 Marco
559 1697 604 1728 da
618 1697 774 1735 Carrara,
787 1697 841 1728 de’
854 1697 888 1728 in
902 1697 1033 1739 scripto

135 1759 199 1791 per
221 1749 250 1780 si
275 1754 311 1781 et
333 1760 396 1791 per
419 1749 470 1782 soi
494 1750 634 1782 fradelli
658 1751 691 1781 ai
707 1750 843 1781 mesieri
866 1750 1033 1788 Marsilio,

134 1802 297 1845 Ugucon,
328 1803 512 1835 Bonifacio
544 1809 578 1835 et
608 1803 782 1841 Albertin,
816 1803 957 1836 fradelli
990 1805 1035 1835 da

135 1856 295 1895 Carrara,
317 1856 564 1898 l'infrascripto
588 1856 659 1894 feo,
682 1862 718 1888 et
742 1857 904 1888 confesso
923 1858 987 1889 che
1013 1857 1034 1888 'l

137 1909 223 1942 ditto
246 1909 306 1942 feo
329 1909 395 1943 ello
420 1910 536 1953 tegnia
560 1910 606 1942 da
629 1909 685 1941 elli
698 1910 721 1941 ².

1176 1643 1228 1674 55.
1253 1661 1291 1665 —
1317 1642 1598 1680 Instrumentum,
1613 1643 1760 1685 qualiter
1784 1643 1930 1681 Ioncius,
1949 1654 1982 1686 q.

1087 1696 1261 1728 Albertini
1283 1696 1395 1728 Marci
1419 1697 1462 1728 de
1486 1696 1659 1734 Carraria,
1677 1696 1776 1728 dedit
1795 1696 1830 1728 in
1845 1697 1985 1739 scriptis

1087 1760 1149 1792 pro
1166 1760 1202 1781 se
1227 1755 1262 1782 et
1285 1749 1452 1780 fratribus
1475 1750 1545 1780 suis
1567 1749 1815 1791 recipientibus
1837 1750 1985 1782 dominis

1087 1803 1252 1841 MarsiHo,
1290 1803 1468 1846 Ugudoni,
1507 1803 1690 1835 Bonifacio
1725 1809 1759 1835 et
1790 1803 1984 1840 Albertin0‚

1087 1857 1263 1895 fratribus,
1277 1857 1321 1888 de
1345 1856 1506 1888 Carraria
1521 1856 1782 1898 infrascriptum
1798 1857 1984 1898 pheudum,

1088 1916 1122 1942 et
1145 1910 1326 1943 confessus
1348 1909 1425 1947 fuit,
1440 1909 1533 1952 quod
1550 1909 1678 1941 dictum
1696 1910 1872 1951 pheudum
1888 1915 1984 1942 tene-

1088 1965 1147 1996 bat
1172 1964 1215 1996 ab
1239 1964 1299 1996 eis.

226 2073 314 2097 Anno
334 2072 455 2096 Domini
477 2072 633 2096 millesimo
653 2073 848 2096 ducentesimo
869 2074 1107 2104 quinquagesimo
1128 2074 1241 2100 octavo,
1263 2072 1412 2095 indicione
1432 2073 1533 2103 prima,
1554 2071 1599 2095 die
1625 2072 1772 2096 domInico
1798 2073 1920 2103 septimo
1941 2073 1984 2095 in-

138 2119 232 2142 trante
251 2117 335 2142 iulio.
371 2116 470 2148 Ibique
489 2116 616 2146 Ioncius,
629 2117 704 2140 filius
718 2117 862 2148 quondam
883 2117 1030 2141 Albertini
1051 2118 1139 2141 Marci
1156 2117 1189 2141 de
1203 2116 1346 2145 Carraria,
1361 2117 1440 2140 dedit
1456 2118 1484 2140 in
1500 2116 1617 2149 scriptis
1631 2117 1752 2140 domino
1766 2116 1910 2146 Mamilio,
1923 2116 1984 2140 filio

139 2161 285 2194 quondam
305 2161 416 2185 domini
436 2161 531 2186 Iacobi
552 2162 586 2185 de
605 2160 747 2190 Carraria,
769 2162 920 2194 recipienti
942 2169 994 2193 pro
1014 2169 1042 2186 se
1061 2164 1088 2186 et
1108 2162 1245 2185 fratribus
1266 2162 1324 2185 suis
1345 2161 1470 2185 dominis
1496 2161 1642 2193 Ugutgone,
1663 2161 1816 2185 Bonifacio
1835 2163 1863 2184 et
1884 2161 1983 2184 Alber-

139 2207 204 2231 tino
225 2206 349 2235 feudum,
368 2207 444 2237 quod
464 2205 607 2237 quondam
628 2206 798 2230 Albertinus
818 2207 917 2235 Marci,
937 2209 1017 2239 pater
1031 2207 1102 2230 dicti
1118 2207 1221 2236 Ioncii,
1241 2206 1343 2230 habuit
1356 2208 1383 2229 et
1396 2207 1489 2229 tenuit
1502 2214 1518 2230 a
1536 2205 1655 2229 domino
1668 2205 1772 2229 Iacobo
1787 2206 1820 2229 de
1841 2206 1983 2233 Carraria,

139 2253 218 2284 patre
236 2251 379 2275 dictorum
399 2250 580 2274 dominorum
599 2250 767 2282 Ugueionis,
788 2251 945 2280 Bonifacii,
966 2251 1124 2281 Albertini,
1144 2251 1279 2278 Marsilii,
1299 2252 1326 2274 et
1353 2258 1428 2274 nunc
1449 2251 1541 2274 (lictus
1566 2249 1683 2274 Ioncius
1708 2252 1785 2274 tenet
1811 2258 1826 2274 a
1852 2250 1937 2273 dictis
1958 2251 1985 2274 d.

141 2295 299 2328 Ugucione,
320 2295 482 2324 Bonifacio,
502 2294 655 2319 Albertino
675 2297 703 2320 et
723 2296 855 2320 Marsilio
876 2296 1022 2325 fratribus,
1043 2296 1072 2319 in
1092 2296 1166 2319 hunc
1186 2296 1299 2319 modum
1321 2296 1413 2319 dictus
1434 2295 1548 2319 Ioncius
1568 2296 1608 2318 sic
1629 2295 1742 2318 dicens:
1763 2296 1775 2308 ‘⁴
1788 2295 1848 2327 Ego
1860 2295 1984 2323 Ioncius,

141 2341 238 2365 “filius
259 2348 285 2372 q.
305 2341 453 2364 Albertini
473 2341 572 2370 Marci,
593 2348 688 2364 coram
709 2341 791 2365 vobis
811 2341 836 2365 d.
856 2341 989 2365 Marsilio
1009 2341 1142 2372 profiteor
1163 2342 1190 2365 et
1209 2341 1356 2369 confiteor,
1383 2341 1459 2372 quod
1487 2342 1571 2364 teneo
1592 2348 1640 2372 per
1664 2340 1780 2364 feudum
1807 2347 1821 2363 a
1849 2340 1931 2363 vobis
1957 2341 1984 2363 et

140 2385 303 2410 “fratribus
324 2387 426 2410 vestris
446 2386 554 2418 peciam
574 2393 659 2410 unam
679 2387 760 2415 terre,
780 2394 833 2417 que
852 2388 894 2410 est
914 2388 989 2410 circa
1009 2387 1080 2410 duos
1101 2394 1215 2418 campos
1236 2386 1265 2409 in
1287 2386 1380 2414 Braio,
1401 2393 1415 2409 a
1439 2393 1519 2409 mane
1539 2386 1586 2409 via
1607 2385 1641 2408 de
1655 2385 1810 2415 consortis,
1829 2392 1844 2408 a
1865 2385 1983 2408 meridie

142 2431 279 2455 “heredes
298 2431 436 2454 Annerici
457 2430 593 2459 Fannale,
613 2431 640 2454 et
659 2438 675 2454 a
694 2438 758 2454 sero
778 2433 825 2455 via
840 2431 874 2454 de
888 2431 1050 2461 consortis3
1071 2433 1138 2455 item
1153 2432 1228 2454 circa
1244 2430 1366 2454 medium
1382 2437 1511 2462 campum
1526 2432 1554 2453 in
1570 2430 1666 2453 eadem
1680 2430 1759 2458 hora,
1774 2437 1788 2453 a
1809 2436 1889 2453 mane
1903 2430 1982 2452 curia

143 2474 309 2507 “Carrarie‚
330 2483 345 2499 a
365 2475 484 2499 meridie
503 2475 578 2499 idem
597 2475 722 2505 Ioncius,
742 2477 769 2499 et
789 2484 803 2499 a
823 2483 885 2499 sero
907 2476 979 2500 idem
1000 2476 1124 2500 Ioncius.
1161 2476 1196 2499 Et
1216 2476 1281 2499 dico
1295 2477 1322 2498 et
1335 2475 1480 2507 profiteor,
1494 2475 1569 2506 quod
1584 2476 1625 2498 est
1642 2475 1754 2498 feudum
1769 2481 1829 2498 cum
1845 2474 1983 2497 fidelitate

142 2519 156 2533 ‘·'
166 2522 194 2544 et
213 2520 289 2552 quod
303 2520 412 2544 nullam
428 2520 553 2544 fraudem
568 2520 611 2544 vel
624 2520 720 2544 dolum
736 2520 765 2544 in
781 2521 1017 2544 manisestacione
1031 2521 1103 2544 dicti
1118 2520 1196 2544 feudi
1211 2521 1321 2549 comisi,
1335 2521 1372 2548 et,
1387 2520 1411 2542 si
1425 2520 1492 2550 quid
1507 2520 1541 2542 de
1555 2519 1632 2543 dicto
1647 2518 1732 2543 feudo
1747 2519 1869 2551 amplius
1885 2520 1984 2545 sciero,

141 2564 154 2577 “
167 2565 248 2588 vobis
268 2565 312 2589 vel
335 2564 471 2588 fratribus
492 2565 595 2588 vestris
615 2565 806 2589 manifestabo
817 2583 841 2596 „.
877 2565 910 2589 In
931 2564 1065 2589 Carraria
1078 2573 1162 2596 super
1176 2565 1291 2588 domum
1306 2565 1475 2588 communis.
1507 2563 1606 2587 Testes
1620 2563 1647 2588 d.
1666 2564 1773 2587 Dottus
1788 2564 1821 2587 de
1836 2563 1940 2593 Padua,
1956 2564 1982 2586 et

143 2608 289 2639 “Marcus,
308 2610 354 2640 qui
377 2609 432 2633 suit
452 2609 485 2633 de
506 2607 628 2639 Quinto,
647 2610 674 2632 et
694 2609 819 2633 Maiolus
840 2609 917 2633 Zulii
937 2609 1074 2634 Precacil.

227 2655 257 2679 S.
277 2653 312 2678 N.
332 2654 392 2686 Ego
412 2653 532 2682 Marcus,
553 2654 625 2678 olim
646 2655 777 2686 magistri
799 2654 937 2683 Gislardi,
958 2656 1088 2679 notarius
1109 2655 1134 2678 d.
1158 2653 1284 2678 Conradi
1307 2654 1390 2685 regis,
1409 2653 1459 2677 hec
1483 2653 1594 2684 scripsi.

228 2738 289 2770 Ego
309 2738 451 2767 Isnardus,
472 2739 557 2762 iudex
578 2739 764 2772 subscriptum
784 2748 826 2763 me
846 2740 1004 2772 subscripsi

230 2783 290 2815 Ego
310 2784 453 2812 Dinellus,
474 2784 604 2808 notarius
622 2785 705 2808 testis
726 2784 938 2817 infrascriptus,
961 2792 1002 2808 me
1023 2785 1176 2816 subscripsi
1197 2785 1224 2808 et
1244 2783 1415 2807 auscultavi.

227 2827 256 2853 S.
276 2829 313 2853 N.
332 2829 392 2860 Ego
412 2828 581 2859 Bernardus,
601 2828 672 2853 olim
692 2829 719 2854 d.
739 2829 816 2853 Petri
837 2829 942 2853 iudicis
963 2830 995 2853 de
1016 2828 1139 2854 Casellis
1159 2829 1241 2856 filius.
1260 2829 1335 2851 civis
1355 2827 1512 2859 paduanus,
1534 2828 1664 2851 notarius
1690 2826 1900 2858 ulti-ascriptus,
1925 2826 1983 2849 exl-

231 2929 237 2944 ¹
259 2930 304 2955 Cf.
324 2930 455 2960 Cmotoo.
475 2932 574 2956 Albero
595 2933 651 2961 cit,
672 2940 697 2964 p.
719 2937 749 2962 27
772 2939 812 2964 sg.
1174 2930 1184 2946 ²
1204 2930 1249 2956 Cf.
1271 2932 1396 2959 Csomm,
1419 2931 1517 2954 Albero
1537 2930 1595 2959 cit.⁷
1616 2938 1642 2962 p.
1664 2928 1704 2953 28,
