2346 3597
355 2442 386 2458 10

355 2649 383 2674 ι5

352 2863 386 2880 20

770 199 941 235 GESTA
970 199 1278 235 MAGNIFICA
1305 199 1491 235 DOMUS
1521 199 1908 236 CARRARIENSIS

417 333 591 357 cessionibus
610 334 638 356 et
656 332 753 356 usibus
772 339 907 364 aquarum
928 338 1117 363 aquarumque
1137 331 1278 360 ductibus,
1299 338 1360 355 cum
1381 332 1460 355 omni
1484 333 1554 364 Jure,
1581 331 1754 356 adiecenciis
1775 339 1804 355 ac
1831 332 2015 363 pertinentiis
2039 338 2135 356 earum
2160 339 2251 356 rerum

414 384 463 409 per
482 377 558 401 locas
578 378 605 400 et
620 376 781 408 vocabulas,
795 377 976 404 molendinis,
991 376 1212 408 piscacionibuS‚
1226 376 1434 400 venacionibus
1448 378 1475 400 et
1487 378 1649 400 communia
1663 378 1769 404 omnia,
1783 378 1921 407 quantum
1935 376 1969 400 ad
1984 377 2060 407 ipsas
2073 377 2252 401 massaricias

416 421 569 454 pertinent,
588 421 618 444 in
639 422 791 452 integrum.
828 419 889 448 Que
908 422 1002 444 autem
1022 421 1214 452 suprascripte
1234 421 1314 451 pecia
1340 420 1374 443 de
1398 422 1473 443 terra
1493 420 1618 444 casaliva
1637 422 1664 444 et
1687 420 1814 452 predicte
1838 421 2003 444 massaricie
2028 427 2090 444 cum
2118 421 2253 452 predittis

414 467 486 489 casis
505 466 533 489 et
552 465 682 489 omnibus
703 465 783 489 rebus
804 465 872 494 illis,
893 472 953 488 cum
975 465 1131 488 territoriis
1151 464 1210 488 suis
1230 465 1302 497 juris
1322 465 1376 488 mei
1397 464 1652 496 supranominatis,
1665 473 1721 488 una
1735 473 1796 488 cum
1811 465 2023 488 accessionibus
2036 466 2063 489 et
2077 465 2253 497 ingressuras

412 517 516 537 earum.
534 516 582 533 seu
602 517 665 533 cum
684 510 878 541 superioribus
898 511 926 532 et
946 509 1134 532 inferioribus
1153 510 1222 538 suis,
1242 509 1316 532 sicut
1336 515 1421 539 supra
1441 508 1556 540 legitur,
1576 509 1604 532 in
1627 510 1768 541 integrum
1788 509 1822 533 ab
1842 509 1891 532 hac
1915 509 1962 532 die
1987 509 2018 532 in
2037 509 2136 533 eodem
2161 511 2189 532 et
2208 516 2252 532 ve-

416 553 542 577 nerabile
562 554 735 577 monasterio
749 553 847 577 Sancti
868 553 983 577 Steffani
1004 553 1091 581 dono,
1109 552 1187 583 cedo,
1209 552 1301 581 trado,
1321 552 1448 580 confero,
1467 554 1495 576 et
1514 560 1563 584 per
1582 555 1740 585 presentem
1757 553 1895 577 cartulam
1916 553 2078 577 offersionis
2097 553 2203 577 ibidem
2217 552 2253 576 ad

413 598 572 621 habendum
593 597 738 626 confirmo,
757 597 917 621 faciendum
937 597 1040 621 exinde
1059 604 1075 620 a
1096 604 1160 628 pars
1180 597 1271 628 ipsius
1291 597 1468 620 monasterio
1487 604 1502 620 a
1528 597 1654 628 presenti
1680 597 1726 620 die
1754 598 1948 630 proprietario
1972 598 2090 621 nomine
2113 596 2253 628 quidquid

415 642 539 666 voluerit
557 644 606 666 aut
625 642 785 674 providerit
803 643 865 665 sine
884 642 962 665 omni
983 648 1042 665 mea
1062 643 1089 665 et
1107 641 1242 665 heredum
1262 648 1387 665 meorum
1407 641 1635 666 contrudicione.
1660 639 1782 668 Quidem
1795 642 1944 674 expondeo
1958 644 2041 673 atque
2059 641 2198 674 promitto
2212 648 2254 664 me

413 692 475 718 ego,
494 687 537 710 cui
558 693 642 717 supra
663 685 826 715 Gumberto,
846 692 903 709 una
922 692 984 709 curn
1004 693 1081 709 meos
1103 685 1217 709 heredes
1236 685 1302 714 tibi,
1321 686 1366 709 cui
1382 687 1466 716 supra
1485 684 1618 709 dominus
1632 685 1707 709 Vido
1720 685 1814 714 abbas,
1833 686 1946 717 tuisque
1959 686 2169 710 successoribus
2183 686 2254 717 ipsis

413 731 617 762 suprascriptis
637 731 710 754 casis
727 732 756 754 et
775 730 948 754 massariciis
967 732 995 753 et
1016 730 1148 754 omnibus
1168 730 1258 757 rebus,
1278 729 1402 761 qualiter
1422 737 1506 761 supra
1526 729 1640 761 legitur,
1660 736 1728 760 quas
1750 730 1791 754 ibi
1805 730 1903 754 offerre
1927 731 2042 754 videtur
2055 738 2070 754 a
2084 737 2148 762 pars
2164 730 2254 762 ipsius

415 776 598 803 monasterio,
617 774 651 798 ab
671 774 750 798 omni
769 774 886 798 homine
905 774 1061 798 defensare.
1099 772 1184 801 Quod
1207 775 1230 797 si
1258 773 1407 797 defendere
1434 781 1492 798 non
1513 774 1700 806 potuerimus,
1721 776 1769 798 aut
1795 775 1817 797 si
1846 775 1926 798 vobis
1946 775 2050 798 exinde
2075 773 2187 805 aliquid
2207 781 2256 805 per

413 821 517 851 quovis
536 819 685 851 ingenium
705 819 869 842 subtrahere
893 819 1092 850 quesierimus,
1116 820 1184 843 tunc
1206 820 1235 842 in
1263 818 1381 850 duplum
1401 818 1497 842 eadem
1523 819 1597 842 casis
1622 820 1649 842 et
1675 818 1809 842 omnibus
1834 819 1925 848 rebus,
1951 820 2025 843 sicut
2050 826 2103 851 pro
2127 821 2254 851 tempore

416 864 502 888 suerit
521 864 681 888 melioratis
701 866 750 887 aut
768 863 893 887 valuerit
910 864 960 888 sub
979 863 1165 887 estimacione
1185 864 1215 887 in
1236 863 1403 887 consimiles
1422 863 1503 887 ioc1s.

503 908 607 932 Actum
626 908 657 932 in
677 908 742 932 loco
762 906 904 937 Carraria,
925 908 1056 932 feliciter.

500 952 620 984 Signum
639 959 725 976 manu
743 951 939 983 suprascripto
960 950 1117 976 Gumberto
1135 950 1163 982 †,
1182 953 1230 983 qui
1250 952 1323 975 hanc
1344 951 1480 975 cartulam
1502 951 1664 975 offersionis
1689 951 1811 975 scribere
1836 952 1935 983 rogavi
1961 953 1989 975 et
2014 958 2111 975 eorum
2139 958 2192 982 que
2211 958 2253 974 re-

415 996 487 1020 lecta
506 998 557 1020 est.
1719 1027 1725 1030 .

499 1040 620 1072 Signum
639 1039 656 1071 †
675 1040 692 1071 †
710 1040 727 1071 †
747 1041 876 1064 manibus
895 1039 1039 1072 Iohannis,
1060 1040 1192 1072 gastaldo
1212 1040 1245 1064 de
1265 1040 1425 1069 Pernumia,
1445 1042 1471 1064 et
1491 1039 1575 1063 Petro
1594 1040 1627 1064 de
1647 1041 1739 1064 Berno
1758 1041 1785 1064 et
1807 1040 1930 1072 itemque
1954 1039 2105 1070 Iohannes,
2124 1041 2255 1064 viventes

414 1085 475 1117 lege
494 1084 758 1118 Longobardorum,
777 1086 873 1109 testes.

501 1130 562 1162 Ego
580 1129 733 1159 Iohannes,
754 1131 892 1158 notarius,
912 1130 996 1154 huius
1015 1130 1124 1154 cartule
1143 1129 1304 1154 offersionis
1325 1129 1518 1162 suprascripta
1540 1131 1606 1161 post
1624 1130 1732 1154 tradita
1752 1129 1902 1161 complevi.

503 1220 563 1251 Ego
583 1219 609 1250 [*
622 1218 661 1250 *]‚
681 1219 767 1244 iudex
786 1219 996 1252 insi-ascriptus,
1024 1219 1189 1251 subscripsi.

502 1264 562 1296 Ego
582 1264 686 1288 Daniel
708 1265 838 1288 notarius
855 1271 870 1287 a
889 1263 1021 1292 Statut1s‚
1041 1264 1136 1288 socius
1155 1266 1183 1288 et
1202 1265 1284 1288 testis
1305 1264 1515 1295 infrascriptus,
1539 1272 1582 1288 me
1602 1264 1757 1296 subscripsi
1777 1266 1803 1288 et
1823 1265 1972 1288 ascultavi.

502 1306 543 1340 [S.
563 1306 611 1340 NJ
630 1308 688 1340 Ego
708 1308 875 1336 Reman-dm,
895 1308 966 1332 olim
986 1308 1099 1332 domini
1118 1307 1195 1331 Petri
1216 1308 1322 1332 iudicis
1341 1308 1375 1332 de
1395 1308 1517 1332 Casellis
1536 1308 1622 1337 filius,
1641 1309 1715 1332 civis
1728 1308 1884 1340 paduanus,
1899 1309 2030 1339 notarius
2044 1308 2255 1340 ultrascdptus,

414 1353 539 1376 existens
559 1352 590 1376 in
611 1352 705 1376 officio
725 1353 921 1384 ultrascripto‚
940 1359 1035 1376 coram
1058 1353 1171 1385 prefato
1201 1353 1304 1381 iudice,
1330 1352 1508 1384 presentibus
1535 1354 1744 1384 prenominatis
1768 1353 1889 1377 testibus
1909 1354 2032 1378 notariis
2055 1356 2084 1377 et
2107 1354 2195 1377 sociis
2219 1353 2255 1377 ad

413 1398 521 1422 dictum
541 1397 649 1421 discum
669 1397 771 1421 Dulcis
790 1399 818 1421 et
837 1397 915 1425 aliis,
935 1397 1006 1421 dicti
1026 1397 1130 1421 iudicis
1151 1398 1229 1421 iussu
1249 1399 1276 1421 et
1295 1398 1476 1426 auctoritate,
1495 1398 1667 1422 statutorum
1687 1399 1818 1422 comunis
1831 1397 1926 1422 Padue
1939 1398 2123 1422 solemnitate
2135 1399 2255 1427 servata.

414 1442 629 1473 ultrascriptum
648 1441 870 1465 instrumentum
883 1448 919 1465 ex
933 1441 1090 1466 auttentico
1103 1441 1291 1473 suprascripti
1304 1441 1442 1465 Iohannis
1455 1441 1575 1465 fideliter
1588 1442 1750 1473 exemplavi
1763 1443 1902 1474 signoque
1915 1450 1977 1466 meo
1990 1444 2127 1466 consueto
2141 1442 2254 1474 signavi

415 1489 442 1511 et
455 1487 599 1516 roboravi,
620 1485 661 1509 nil
683 1487 712 1509 in
731 1493 765 1510 eo
784 1486 890 1510 addens
911 1486 954 1510 vel
975 1486 1112 1516 minuens,
1133 1485 1208 1518 quod
1229 1493 1341 1510 sensum
1361 1486 1404 1510 vel
1425 1488 1599 1511 sentenciam
1619 1488 1717 1516 mutet,
1731 1489 1860 1511 currente
1878 1494 1955 1511 anno
1967 1487 2089 1511 Domini
2102 1487 2256 1512 millesimo

414 1532 611 1555 trecentesimo
630 1530 876 1562 quinquagesimo,
898 1531 1046 1555 indicione
1064 1532 1162 1559 tercia,
1182 1530 1228 1554 die
1248 1530 1360 1554 veneris
1381 1531 1519 1562 vigesimo
1544 1532 1633 1557 tercio
1653 1532 1758 1555 mensis
1778 1531 1889 1564 aprilis,
1909 1532 2047 1564 regimine
2066 1530 2221 1556 antedicto.

720 1633 780 1665 VI.
805 1651 847 1656 -
871 1633 1002 1674 Mulon.

505 1720 555 1750 10.
577 1719 633 1760 [3].
658 1736 699 1741 -
726 1717 858 1755 Questo
882 1717 1007 1749 Millon
1031 1717 1064 1748 io
1089 1723 1190 1748 trovo
1217 1725 1310 1748 esser

412 1771 588 1804 descendu
619 1770 677 1803 dai
701 1770 922 1813 sovrascripti
952 1769 1061 1802 nobili
1086 1770 1142 1801 dal
1166 1769 1310 1801 castello

413 1825 457 1857 de
479 1825 638 1862 Carrara,
657 1835 711 1855 ma
734 1835 800 1866 pur
823 1823 869 1855 da
892 1823 994 1866 quale
1016 1823 1049 1854 io
1073 1833 1117 1854 no
1140 1828 1249 1863 trovo,
1265 1821 1309 1852 ne

412 1878 513 1921 quale
527 1878 559 1909 el
575 1887 677 1909 nome
693 1877 787 1909 fosse
803 1878 847 1908 de
864 1887 901 1908 so
918 1887 1001 1918 pare
1014 1878 1033 1917 ¹,
1051 1886 1104 1907 ma
1120 1876 1310 1907 solamente

412 1932 456 1963 de
481 1931 529 1962 lui
553 1936 651 1962 trovo
667 1941 710 1962 ne
734 1930 849 1962 l’anno
873 1929 930 1962 del
947 1930 1076 1972 Signor
1095 1928 1189 1960 mille
1207 1932 1309 1960 cento

504 2053 510 2068 ⁴
538 2055 631 2079 Fermi
657 2055 811 2079 all’analisi
842 2055 886 2079 del
913 2055 978 2079 solo
1004 2055 1176 2078 documento
1202 2053 1247 2077 del
1273 2061 1306 2085 24

414 2099 478 2122 sett.
501 2099 598 2122 11001
625 2099 716 2122 nostri
745 2098 867 2122 cronisti
892 2105 949 2121 non
976 2098 1083 2121 furono
1108 2098 1138 2120 in
1163 2097 1253 2128 grado
1278 2097 1304 2120 di

415 2140 591 2164 identificare
610 2141 715 2172 meglio
735 2140 855 2170 Milone,
875 2140 933 2168 che,
948 2146 1027 2164 come
1046 2140 1126 2167 dissi,
1146 2139 1215 2163 deve
1234 2146 1307 2162 esser

413 2183 434 2206 il
453 2184 554 2213 quarto
574 2182 651 2214 figlio
666 2182 693 2205 di
709 2182 875 2206 Gumberto.
907 2181 929 2205 Il
951 2181 1069 2210 Ceoldo,
1085 2188 1133 2212 per
1151 2181 1308 2205 conciliare

414 2225 439 2248 le
459 2224 569 2248 notizie
589 2224 632 2248 dei
653 2224 855 2256 genealogisti,
873 2224 909 2248 ha
928 2223 1093 2248 introdotto
1112 2231 1150 2246 un
1165 2223 1239 2247 altro
1252 2222 1307 2246 En-

414 2267 484 2295 rico,
504 2273 518 2290 e
536 2266 572 2290 ha
586 2268 751 2290 avvicinato
765 2266 877 2298 (Albero
891 2267 943 2296 cit.,
959 2274 986 2297 p.
1000 2265 1026 2297 4)
1038 2265 1150 2289 Milone
1164 2273 1178 2289 a
1192 2265 1305 2294 Enrico,

413 2308 493 2340 figlio
513 2308 541 2331 di
561 2307 727 2337 Gumberto,
747 2310 827 2340 quasi
847 2316 897 2341 per
917 2308 997 2332 farne
1011 2307 1064 2331 due
1077 2307 1258 2331 discendenti
1277 2306 1307 2330 di

414 2350 518 2381 quello.
556 2349 588 2374 Io
614 2350 697 2374 credo
726 2351 825 2375 invece
854 2351 904 2374 che
929 2351 954 2374 si
982 2357 1066 2382 possa
1094 2349 1200 2382 meglio
1232 2348 1307 2373 indi-

415 2393 532 2416 viduare
550 2392 669 2421 Milone,
687 2393 768 2425 figlio
788 2393 818 2417 di
838 2391 994 2416 Gumberto
1019 2400 1032 2416 e
1060 2392 1176 2416 fratello
1196 2391 1224 2415 di
1251 2391 1308 2414 En-

414 2436 483 2460 rico.
519 2435 622 2460 Infatti
645 2436 721 2460 nella
741 2436 901 2460 donazione
921 2436 965 2460 del
985 2441 999 2467 5
1014 2437 1125 2468 giugno
1148 2435 1215 2460 1108
1235 2434 1306 2458 satta

413 2478 441 2501 al
460 2479 622 2501 monastero
643 2478 672 2501 di
691 2477 716 2501 S.
737 2477 854 2502 stefano
875 2479 909 2502 da
929 2477 1077 2506 Richelda,
1091 2476 1196 2509 moglie
1210 2476 1238 2500 di
1254 2476 1306 2500 Mi-

414 2519 487 2549 lone,
507 2527 521 2543 e
541 2520 575 2543 da
589 2519 729 2548 Marsilio,
744 2519 824 2552 figlio
837 2520 866 2544 di
882 2520 923 2543 lui
943 2520 978 2551 (si
994 2520 1056 2543 noti
1073 2519 1122 2543 che
1136 2519 1161 2543 si
1174 2519 1262 2542 tratta
1277 2518 1306 2542 (li

412 2562 478 2585 beni
499 2562 576 2593 posti
591 2563 620 2586 in
636 2562 822 2593 Bertipaglia,
836 2562 865 2586 di
881 2562 926 2586 cui
941 2562 1142 2593 nell'acquisto
1155 2562 1203 2592 qui
1218 2561 1308 2585 citato

413 2604 461 2627 dai
486 2603 699 2635 genealogisti),
720 2606 893 2637 comparisoe
919 2604 1002 2635 quale
1028 2605 1122 2627 tutore
1144 2603 1258 2630 Enrico,
1285 2602 1306 2626 il

413 2645 496 2676 quale
511 2652 568 2669 non
582 2643 639 2676 pub
654 2645 840 2670 confondersi
854 2653 907 2669 con
922 2646 1019 2670 l’altro
1033 2645 1140 2669 Enrico
1159 2645 1306 2668 ricordato

413 2694 466 2710 con
480 2687 486 2709 i
504 2687 612 2710 fratelli
627 2686 673 2710 nel
687 2687 817 2719 diploma
831 2687 874 2710 del
890 2694 965 2717 1114,
979 2685 1080 2719 perche
1094 2686 1214 2719 proprio
1228 2693 1306 2709 come

414 2729 479 2752 testi
497 2728 629 2752 nell’atto
649 2730 738 2753 stesso
758 2728 886 2761 figurano
900 2729 1018 2758 Enrico,
1031 2729 1170 2760 Ugolone,
1191 2728 1306 2758 Uberto,

414 2772 456 2794 tre
475 2770 520 2794 dei
542 2772 657 2801 quattro
677 2770 785 2794 fratelli
806 2771 850 2794 del
866 2770 1024 2802 privilegio
1047 2777 1128 2801 1114:
1147 2769 1162 2794 ὲ
1175 2770 1306 2794 evidente

414 2813 464 2836 che
482 2813 501 2836 il
522 2814 625 2841 tutore,
646 2820 698 2836 con
714 2813 735 2836 il
756 2820 895 2837 convorso
915 2813 959 2836 del
979 2813 1062 2844 quale
1082 2814 1105 2836 si
1126 2812 1259 2844 redigeva
1278 2812 1305 2836 la

415 2855 585 2883 donazione,
605 2862 662 2878 non
683 2857 796 2886 potera,
815 2855 936 2878 siccome
959 2858 1039 2886 parte
1059 2855 1088 2879 in
1104 2861 1195 2882 causa,
1215 2856 1305 2878 sotto-

415 2897 537 2920 scrlvere
551 2896 632 2928 quale
646 2898 726 2921 teste.
752 2897 940 2920 Trattandosi
956 2897 986 2921 di
1000 2897 1092 2921 tutela
1103 2904 1161 2920 non
1174 2894 1188 2920 ὁ
1204 2897 1305 2928 ignoto

415 2938 464 2962 che
483 2946 543 2962 essa
562 2946 609 2962 era
629 2938 748 2962 deferita
769 2939 796 2962 ni
817 2939 987 2967 collaterali,
1006 2946 1020 2963 e
1040 2938 1135 2970 percio
1155 2939 1180 2962 ai
1197 2937 1303 2962 fratelli

415 2980 459 3004 del
480 2980 608 3008 defunto.
622 2981 651 3004 in
666 2987 819 3004 mancanza
832 2980 860 3004 di
875 2981 1041 3005 ascendenti
1054 2981 1164 3011 diretti,
1174 2987 1188 3004 e
1208 2978 1305 3011 percio

1650 1632 1710 1664 VI.
1737 1651 1771 1655 ——
1800 1632 1970 1664 Millonus.

1457 1718 1504 1749 10.
1532 1716 1589 1759 [3].
1605 1735 1650 1739 -
1665 1717 1717 1748 Ex
1734 1717 1895 1759 prosapie
1918 1717 2138 1749 descendens
2160 1716 2257 1748 nobi-

1365 1770 1445 1802 lium
1462 1770 1770 1812 suprascriptorum
1790 1771 1833 1801 de
1851 1769 2010 1802 Carrarie
2027 1776 2150 1807 castro,
2174 1780 2256 1812 ope-

1362 1834 1437 1854 rum
1451 1823 1632 1855 multarum
1648 1823 1825 1864 perpoluit
1839 1823 2034 1861 affluentia,
2047 1823 2099 1855 vir
2111 1833 2258 1865 corpore

1362 1886 1516 1918 magnus,
1530 1882 1646 1908 tamen
1661 1876 1776 1908 animo
1792 1876 1914 1915 maior,
1930 1875 2018 1907 nihil
2031 1877 2120 1908 adeo
2132 1877 2258 1920 ingens

1364 1928 1457 1971 quod
1481 1928 1627 1971 aggredi
1652 1938 1720 1960 non
1752 1928 1966 1960 formidaret.
2014 1926 2120 1965 Quod
2143 1935 2257 1961 tamen

1362 2061 1417 2077 non
1437 2052 1452 2077 ὲ
1471 2053 1578 2077 dubbio
1599 2054 1649 2077 che
1668 2053 1774 2077 Enrico
1794 2061 1840 2077 era
1869 2053 1984 2077 fratello
2004 2054 2034 2077 di
2057 2054 2176 2083 Milone,
2194 2061 2256 2087 per-

1360 2095 1505 2119 mettendo
1516 2095 1769 2119 l’identificazione
1781 2102 1834 2119 con
1846 2096 1856 2119 i
1871 2095 1925 2119 due
1936 2096 2066 2127 germani
2077 2096 2155 2120 dello
2166 2098 2255 2120 stesso

1361 2145 1453 2168 nome,
1472 2138 1611 2162 ricordnti
1633 2138 1709 2161 nella
1729 2138 1778 2162 cit.
1798 2138 1957 2162 donazione
1971 2138 2015 2162 del
2039 2144 2117 2169 1095,
2131 2145 2162 2171 31
2179 2146 2254 2170 mag-

1359 2181 1418 2212 gio.
1455 2180 1566 2204 D’altra
1587 2182 1667 2211 parte
1686 2179 1828 2207 Marsilio,
1852 2180 1932 2212 figlio
1958 2180 1987 2204 di
2014 2180 2136 2212 Milone,
2163 2188 2220 2205 non
2240 2179 2255 2205 ὲ

1361 2222 1475 2246 diverso
1496 2223 1530 2246 da
1550 2222 1647 2253 quello
1667 2222 1715 2245 che
1736 2222 1824 2254 figura
1839 2223 1884 2246 nel
1899 2223 2027 2255 diploma
2041 2222 2086 2247 del
2110 2230 2177 2254 1114
2191 2223 2253 2247 uni-

1360 2267 1486 2288 tamente
1505 2273 1520 2289 a
1539 2264 1654 2294 Enrico,
1673 2265 1780 2289 Uberto
1799 2266 1832 2289 ed
1853 2265 1993 2297 Ugolone.
2019 2274 2033 2290 e
2061 2266 2081 2289 il
2103 2266 2178 2290 fatto
2204 2266 2254 2290 che

1360 2307 1453 2337 questi
1472 2308 1514 2330 tre
1534 2307 1750 2331 sottoscrivono
1770 2315 1848 2330 come
1867 2309 1933 2331 testi
1962 2308 2018 2331 alla
2042 2307 2204 2332 donazione
2223 2309 2251 2332 di

1360 2347 1497 2372 Richelda
1516 2356 1530 2372 e
1550 2349 1578 2372 di
1594 2349 1735 2378 Marsilio,
1750 2349 1888 2373 avvalora
1903 2349 2027 2382 l’ipotesi
2044 2349 2093 2373 che
2106 2348 2251 2374 l’identita

1360 2390 1389 2414 di
1410 2397 1530 2422 persona
1550 2392 1676 2414 sussista.
1714 2391 1799 2415 Dalla
1825 2391 1908 2422 quale
1927 2392 1952 2416 si
1977 2391 2082 2416 deduce
2102 2391 2128 2416 la
2148 2392 2253 2416 diretta

1361 2431 1548 2456 discendenza
1568 2433 1597 2456 di
1617 2433 1726 2456 Milone
1746 2440 1760 2456 e
1779 2433 1808 2456 lo
1835 2433 1978 2457 stabilirsi
1998 2433 2026 2457 di
2053 2440 2111 2457 uno
2131 2434 2176 2458 dei
2198 2433 2252 2457 due

1361 2474 1432 2497 rami
1452 2474 1527 2498 della
1545 2475 1714 2506 genealogia
1735 2482 1876 2499 carrarese
1890 2475 1966 2499 nelle
1979 2482 2099 2506 persone
2113 2475 2155 2499 dci
2171 2477 2252 2507 quat-

1360 2517 1406 2539 tro
1428 2516 1537 2540 fratelli
1558 2516 1670 2546 Enrico,
1692 2517 1832 2547 Marsilio,
1848 2517 1964 2546 Uberto,
1978 2517 2120 2549 Ugolone‚
2140 2517 2200 2549 flgli
2221 2517 2250 2541 di

1360 2557 1478 2582 Milone.
1515 2558 1537 2581 E
1557 2566 1592 2588 se,
1614 2565 1691 2584 come
1710 2559 1740 2583 io
1761 2559 1845 2584 credo
1865 2567 1879 2584 e
1894 2559 2044 2584 d'accordo
2059 2561 2104 2584 coi
2119 2560 2251 2584 moderni

1359 2602 1548 2633 genealogisti
1564 2603 1699 2626 cari-aresi
1722 2601 1768 2633 (cf.
1784 2602 1912 2632 Ceowo,
1931 2602 2031 2627 Athena
2051 2604 2104 2633 cit.,
2120 2611 2146 2635 p.
2160 2604 2176 2628 8
2189 2603 2250 2635 sgA.

1360 2643 1491 2667 Marsilio
1509 2642 1524 2668 'e
1543 2644 1639 2675 quello
1660 2646 1759 2674 stesso,
1779 2644 1829 2667 che
1850 2644 1956 2668 ricorre
1975 2645 2021 2668 nel
2044 2645 2201 2677 privilegio
2220 2645 2249 2668 di

1360 2685 1495 2709 Federico
1514 2684 1527 2708 1
1547 2685 1590 2709 del
1616 2685 1692 2713 1160,
1707 2686 1741 2709 da
1756 2688 1856 2717 questo
1871 2686 1895 2709 si
1910 2686 2053 2718 raecoglie
2067 2685 2116 2710 che
2130 2686 2249 2713 Milone,

1361 2727 1446 2759 padre
1467 2728 1496 2751 di
1517 2728 1566 2756 lui,
1587 2726 1686 2752 milito
1707 2728 1783 2752 nelle
1803 2728 1910 2752 schiere
1931 2728 1961 2752 di
1980 2728 2087 2752 Enrico
2101 2727 2139 2752 IV
2159 2736 2175 2752 ο
2190 2729 2222 2756 V.
2235 2736 2250 2752 e

1361 2767 1432 2793 morl
1453 2770 1497 2793 nel
1518 2777 1570 2793 suo
1590 2770 1717 2801 seguito:
1738 2770 1820 2794 “tum
1842 2774 1958 2802 propter
1972 2771 2136 2794 memoriam
2157 2771 2248 2802 patris

1360 2812 1443 2835 “eius
1463 2809 1622 2843 [Marsiliih
1637 2812 1685 2842 qui
1701 2813 1729 2834 in
1745 2812 1866 2836 servitio
1881 2812 2071 2836 antecessoris
2090 2812 2185 2836 nostri
2199 2812 2249 2836 im·

1359 2854 1372 2866 ⁸
1386 2855 1525 2885 peratoris
1545 2854 1662 2877 Henrici
1682 2855 1847 2878 constanter
1873 2857 1899 2878 et
1926 2853 2048 2878 fideliter
2067 2854 2142 2878 obiit
2154 2872 2175 2884 η,
2202 2854 2247 2878 nel

1359 2896 1480 2928 periodo
1500 2898 1583 2919 acuto
1603 2895 1679 2919 della
1699 2896 1772 2919 lotta
1793 2903 1840 2927 per
1860 2896 1885 2920 le
1905 2896 2086 2925 investiture,
2105 2897 2132 2920 di
2154 2897 2200 2920 cui
2223 2898 2246 2921 si

1358 2938 1425 2961 ebbe
1436 2938 1514 2969 larga
1529 2945 1578 2961 cco
1592 2938 1681 2961 anche
1695 2946 1708 2961 n
1724 2937 1839 2962 Padova
1853 2937 1900 2968 (cf.
1920 2938 2065 2966 nomam.
2085 2938 2125 2962 Le
2143 2939 2250 2970 on'gini

1358 2980 1417 3008 cit.,
1438 2987 1464 3012 p.
1484 2978 1518 3012 56
1538 2979 1616 3011 sgg.),
1636 2978 1738 3012 poiche
1757 2987 1804 3004 era
1817 2981 1990 3004 certnniente
2004 2982 2098 3004 morto
2110 2981 2154 3004 nel
2172 2987 2247 3012 1109.

2287 726 2318 752 10

2287 947 2318 974 15

2285 1216 2321 1243 20

2284 1439 2318 1465 25

2284 1773 2326 1806 30

2281 2313 2315 2338 30

2279 2521 2311 2547 35

2277 2734 2311 2757 40

2275 2941 2306 2967 45
