2346 3597
311 2484 340 2499 10

308 2904 340 2919 ’,ΣΟ

375 293 423 323 1111
439 303 482 323 116
501 292 616 323 l'anno
641 292 696 323 del
715 293 844 335 Signor
860 293 952 325 mille
977 299 1082 325 cento
1106 300 1273 335 quaranta

375 356 463 377 nove
481 356 595 377 essere
614 345 712 378 stado
729 347 902 378 investido
926 347 969 379 de
986 346 1082 378 molti
1107 347 1205 379 feudi
1229 348 1273 379 da

374 399 503 443 Quane,
523 409 670 430 vescovo
689 400 733 430 de
750 400 856 437 Pava,
881 406 914 431 et
939 411 981 432 ne
1006 401 1122 431 l’anno
1148 400 1203 432 del
1221 400 1274 431 Si-

374 462 462 493 gnor
484 451 827 485 millecentosexanta
851 463 966 484 essere
989 454 1087 485 stado
1103 453 1272 484 investido

375 505 420 536 da
447 505 630 547 Federigo‚
654 506 853 547 imperador
877 506 910 538 di
941 506 1091 538 Romani
1116 513 1272 549 augusto,

375 557 431 589 del
460 558 601 590 castello
626 559 668 590 de
694 559 840 591 Carrara
864 565 898 591 et
922 560 979 591 del
997 560 1203 591 monastiero
1227 559 1272 591 de

374 611 444 643 San
461 610 620 643 Steffano
638 612 682 643 de
699 611 857 651 Carrara,
874 619 907 644 et
925 614 990 644 che
1008 612 1051 644 de
1069 619 1190 656 questo
1215 614 1271 645 nol

374 675 475 705 possa
487 665 648 696 molestat
661 665 851 703 marchese,
866 671 978 703 conte,
992 665 1033 696 ne
1047 667 1172 708 alguna
1185 667 1273 698 altra

373 727 528 758 persona,
554 718 596 749 de
621 718 701 759 qual
727 718 858 761 dignita
882 729 918 749 se
948 719 1010 756 sia,
1035 719 1078 751 ne
1110 719 1270 752 eciandio

374 777 445 801 trar
470 770 500 802 al
518 771 639 813 palaco
663 781 764 812 possa
781 772 792 802 i
809 772 926 809 omini,
943 773 953 802 i
969 773 1062 815 quali
1080 773 1196 804 habita
1219 773 1270 804 sui

372 834 433 854 suo
458 823 549 860 beni,
572 823 615 855 ne
641 824 801 856 eciandio
818 830 1059 867 constrencere
1076 826 1121 857 ad
1144 825 1271 867 alguna

372 876 514 918 publica
530 878 682 919 angaria,
706 883 739 909 et
756 878 907 910 anchora
924 878 988 910 che
1006 878 1215 910 licitamente
1239 879 1270 910 el

373 939 473 970 possa
498 929 553 960 far
575 929 692 961 molini
717 930 796 962 11616
827 932 984 973 aquesle
1009 932 1108 973 quale
1135 932 1271 963 confina

373 993 490 1024 presso
507 982 561 1014 ale
578 993 635 1014 soe
651 990 754 1021 terre,
778 993 877 1016 como
901 995 1031 1026 appare
1048 996 1111 1026 per
1134 985 1167 1016 10
1183 991 1271 1016 sotto

372 1035 502 1076 scripto
526 1036 720 1079 privilegio.
768 1037 809 1068 El
839 1038 918 1079 qual
948 1038 1131 1080 privilegio
1159 1038 1190 1070 61
1219 1049 1272 1070 so-

373 1089 563 1129 vrascripto
598 1089 800 1130 imperador
830 1089 1004 1132 Federigo
1041 1100 1206 1122 concesse
1241 1091 1272 1121 al

371 1141 602 1182 sovrascripto
626 1141 781 1173 Marsilio
805 1153 868 1183 per
884 1143 895 1173 i
913 1144 1024 1175 meriti
1040 1144 1090 1175 soi
1106 1149 1140 1175 et
1156 1144 1273 1175 661311-

373 1194 431 1225 (110
448 1205 511 1235 per
528 1194 666 1226 i'meriti
686 1195 730 1226 de
755 1205 792 1226 so
816 1206 911 1236 pare,
937 1196 969 1227 el
993 1195 1107 1238 quale,
1125 1206 1224 1229 como
1241 1196 1272 1227 el

372 1246 458 1279 ditto
472 1247 671 1290 privillegio
688 1253 802 1285 conta,
816 1254 996 1280 constante
1010 1254 1045 1280 et
1061 1249 1273 1281 fedelmente

371 1300 455 1331 mori
479 1300 535 1331 nel
551 1301 696 1332 servisio
714 1301 758 1333 de
776 1301 931 1344 Henrigo
949 1301 1181 1343 imperadore‚
1196 1313 1274 1344 pre-

372 1363 509 1385 cessore
534 1353 592 1385 del
616 1354 703 1386 ditto
727 1353 909 1398 Federigo.
957 1355 1025 1387 Per
1044 1355 1076 1387 la
1094 1356 1174 1398 qual
1192 1365 1274 1388 cosa

371 1416 482 1450 vegno
505 1417 526 1438 a
557 1408 868 1449 comprehendere,
893 1407 1054 1440 bench’io
1083 1419 1153 1440 non
1184 1410 1273 1441 trovi

371 1460 428 1492 del
450 1470 488 1491 so
511 1471 624 1498 nome,
648 1461 695 1492 lui
711 1470 824 1493 essere
841 1461 940 1493 stado
959 1461 1062 1494 homo
1080 1462 1123 1494 de
1139 1463 1272 1505 grande

371 1513 493 1545 affare.

464 1620 512 1654 17.
534 1639 573 1644 —
596 1621 828 1653 Instrumento
862 1622 905 1653 de
934 1622 1042 1653 feudo
1073 1621 1117 1653 de
1147 1622 1272 1654 mesier

373 1674 527 1705 Marsilio
551 1673 608 1705 del
625 1674 768 1706 castello
786 1675 830 1706 de
847 1672 997 1707 Carrara
1014 1676 1058 1707 de
1075 1681 1160 1707 tutto
1177 1677 1272 1718 quel-

371 1728 416 1763 lo,
441 1727 505 1758 che
531 1726 551 1757 'l
577 1737 752 1769 cognosce
777 1727 832 1759 dal
857 1738 1006 1760 vescovo
1031 1730 1074 1761 de
1099 1728 1203 1760 Pava.

738 141 912 196 GESTA
942 162 1245 198 MAGNIFICA
1276 163 1461 198 DOMUS
1491 163 1883 200 CARRARIENSIS

1327 294 1471 337 legetur,
1488 306 1508 327 a
1531 296 1670 328 domino
1694 297 1834 335 Ioanne,
1859 297 2024 339 episcopo
2049 297 2226 336 Paduano,

1326 357 1416 378 anno
1434 348 1570 380 Domini
1588 349 1769 381 millesimo
1786 350 1976 382 centesimo
2001 351 2227 392 quadragesi-

1326 409 1382 431 mo
1398 410 1490 433 nono
1506 401 1702 433 investitum
1729 402 1772 434 de
1790 403 1938 444 quodam
1962 402 2114 444 pheudo,
2131 404 2224 445 quod

1326 453 1401 494 ipse
1427 453 1469 486 ab
1493 455 1696 497 episcopatu
1720 456 1880 497 paduano
1906 462 1940 487 et
1964 456 2016 488 sui
2049 466 2223 498 cognove-

1324 512 1414 538 runt.
1462 507 1571 539 Huius
1601 514 1716 540 autem
1753 509 1885 541 domini
1916 507 2064 541 Marsilii
2097 516 2225 551 quanta

1326 559 1429 590 fuerit
1453 560 1648 592 divitiarum
1666 558 1786 603 copia,
1811 572 1914 604 opum
1941 572 2082 594 suorum
2107 568 2224 604 prote-

1323 618 1431 643 statur
1447 613 1637 652 affluentia,
1653 625 1720 646 non
1737 614 1845 647 solum
1864 615 1899 646 in
1917 614 2078 647 districtu
2095 615 2224 653 Padue,

1324 665 1385 697 sed
1410 671 1443 697 et
1466 665 1501 696 in
1534 668 1711 699 cenetensi
1743 675 1777 699 et
1807 668 1969 699 tarvisino
2002 669 2224 709 permaxima.

1323 718 1428 750 Cuius
1451 719 1554 751 etiam
1587 721 1772 763 magnifica
1795 727 1905 764 gesta,
1937 721 1966 752 si
1990 722 2034 752 ad
2066 727 2224 762 posteros

1322 781 1390 802 non
1427 780 1640 813 emanarunt,
1672 779 1840 806 vetustate
1873 774 2041 815 dispersa,
2075 775 2224 817 grandia

1323 834 1437 860 tamen
1455 825 1559 857 fuisse
1574 825 1795 868 privilegium
1808 827 1988 868 imperiale
2002 827 2225 866 demonstrat,

1324 877 1393 909 suis
1416 877 1481 909 sibi
1506 879 1676 911 indultum
1700 880 1830 911 meritis
1855 890 1895 912 ac
1919 890 1982 921 pro
2015 879 2225 912 factionibus

1325 936 1358 962 et
1382 932 1546 963 memoria
1563 932 1669 973 patris
1687 932 1770 970 eius,
1786 933 1842 975 qui
1860 933 1894 963 in
1912 932 2061 965 servitiis
2077 932 2224 964 militans

1324 984 1540 1025 imperatoris
1564 985 1707 1020 Henricj
1732 986 1765 1016 in
1797 986 1918 1017 iisdem
1950 992 2151 1018 constanter
2181 996 2223 1018 ac

1325 1038 1478 1069 fideliter
1501 1038 1599 1076 obiit,
1623 1044 1659 1070 ut
1690 1039 1724 1070 in
1757 1039 1951 1082 privilegiis
1982 1039 2088 1080 ipsius
2113 1040 2223 1071 forma

1326 1090 1459 1132 legetur
1481 1091 1713 1134 subsequenti.

1417 1621 1465 1655 17.
1490 1640 1529 1644 —
1555 1622 1820 1654 Instrumentum
1834 1622 1963 1664 pheudi
1982 1623 2113 1655 domini
2128 1622 2221 1655 Mar-

1323 1674 1389 1706 silii
1405 1675 1450 1707 (16
1474 1680 1587 1707 castro
1600 1675 1760 1707 Carrarie
1774 1676 1817 1707 de
1834 1675 1927 1707 omni
1944 1686 1995 1713 eo,
2013 1676 2107 1718 quod
2125 1682 2222 1709 tenet

1323 1727 1367 1760 ab
1390 1728 1558 1770 episcopo
1582 1728 1754 1770 paduano.

455 1848 487 1872 In
508 1849 553 1872 die
574 1849 682 1877 martis,
701 1850 749 1880 qui
775 1851 817 1873 est
843 1850 944 1881 quinto
965 1850 1011 1873 die
1039 1851 1164 1874 intrante
1190 1850 1351 1883 septembri,
1378 1851 1524 1882 presencia
1551 1851 1691 1874 bonorum
1717 1850 1873 1879 hominum,
1893 1859 2013 1882 quorum
2040 1858 2144 1875 nomen
2165 1852 2212 1876 1116

368 1894 483 1925 legitur,
503 1893 667 1917 Mansredus
688 1895 721 1917 de
740 1894 871 1926 Appano,
893 1894 1037 1926 Ugolinus
1059 1895 1091 1918 de
1112 1895 1213 1923 Baone,
1234 1894 1410 1919 Octavianus
1431 1895 1641 1924 vicedominus,
1662 1894 1835 1919 Girardinus
1855 1896 1888 1919 de
1914 1895 2060 1920 Guilelmo
2087 1896 2120 1920 de
2140 1896 2214 1928 Aylo

370 1938 536 1970 Ungarello,
556 1939 703 1962 Americus
723 1939 756 1963 de
776 1938 871 1967 Cesso,
892 1939 1041 1963 Anselmus
1064 1939 1234 1964 causidicus.
1270 1939 1302 1963 In
1323 1941 1444 1964 istorum
1464 1940 1611 1972 presencia
1631 1940 1780 1971 Iohannes,
1801 1940 1855 1964 Dei
1874 1942 1971 1972 gracia
1991 1942 2142 1974 episcopus
2168 1949 2216 1973 pa-

372 2094 559 2126 compilatore
579 2096 746 2126 vergeriano
766 2094 832 2118 fisso
848 2097 876 2119 in
898 2096 1040 2126 Mai-silio,
1060 2096 1264 2120 desumendolo

372 2137 406 2159 da
421 2138 518 2167 questa
532 2137 708 2167 genealogia,
722 2137 744 2160 il
759 2138 933 2169 capostipite
947 2138 1044 2161 sicuro
1067 2138 1080 2151 “
1092 2146 1105 2162 a
1126 2146 1181 2169 quo
1196 2137 1263 2162 Car-

373 2179 385 2191 “
398 2180 568 2202 rariensium
588 2179 751 2211 principum
773 2180 856 2211 origo
876 2182 1013 2212 perpetua
1033 2181 1210 2204 successione
1224 2180 1266 2204 de-

373 2221 385 2233 “
398 2222 490 2244 rivata
503 2222 569 2251 est„
592 2221 746 2251 (VERGER.,
766 2225 806 2252 op.
827 2222 880 2249 cil..
900 2223 941 2246 ed.
963 2223 1019 2253 cit„
1042 2230 1068 2254 p.
1088 2222 1103 2245 6
1124 2222 1184 2254 sg.).
1214 2222 1266 2246 Piis

371 2263 419 2286 che
447 2263 466 2286 il
487 2262 642 2294 privilegio
665 2263 839 2287 federiciano
861 2271 985 2296 neppure
1004 2265 1062 2296 egli
1089 2272 1117 2288 sa
1143 2264 1267 2295 allegare

369 2305 452 2335 quale
472 2312 561 2336 prova
575 2305 649 2328 della
665 2305 844 2337 importanza
864 2306 983 2337 politica
1004 2307 1034 2330 (11
1049 2306 1190 2335 Marsilio,
1204 2307 1267 2337 poi-

369 2345 418 2370 6116
438 2347 465 2370 la
491 2354 539 2370 sua
560 2347 705 2371 notorieta
725 2347 738 2371 ὸ
759 2350 894 2372 attestata
914 2349 977 2372 solo
997 2349 1032 2372 da
1052 2350 1126 2372 carte
1147 2349 1266 2380 private,

369 2389 506 2412 contratti
527 2395 541 2411 e
561 2389 738 2412 testamenti:
759 2389 813 2420 egli
836 2388 904 2420 pero
925 2392 1052 2414 trascura
1072 2390 1266 2413 l'investitura

371 2431 514 2454 vescovile
534 2432 580 2462 qui
603 2431 723 2455 riferita.
749 2431 781 2455 In
797 2434 866 2463 ogni
889 2433 973 2456 modo
988 2440 1045 2456 non
1062 2441 1075 2456 a
1090 2434 1167 2456 torto
1181 2432 1211 2455 fu
1225 2439 1265 2455 as-

370 2475 487 2504 segnato
508 2481 545 2496 un
566 2475 650 2504 posto
671 2475 805 2505 cospieno
821 2474 896 2498 nella
913 2475 1082 2506 genealogia
1096 2481 1237 2498 carrarese
1251 2482 1265 2497 a

371 2515 508 2543 marsilio,
531 2516 572 2538 sia
593 2515 692 2546 perche
713 2517 838 2540 raccolse
857 2517 886 2539 111
914 2515 942 2540 se
965 2514 1096 2540 l'eredits't
1116 2517 1160 2540 dei
1187 2516 1265 2539 feudi

372 2557 538 2588 samigliari,
553 2559 596 2581 sia
611 2558 710 2589 perche
725 2558 868 2582 contribui
885 2559 910 2582 111
926 2559 1176 2582 consolidamento
1189 2558 1265 2582 della

370 2601 492 2631 potenza
512 2601 675 2623 economica
696 2608 709 2623 e
735 2601 856 2631 politica
883 2601 958 2624 della
979 2608 1052 2625 casa.
1091 2601 1193 2625 Infattl
1219 2600 1264 2623 nel

370 2642 525 2673 privilegio
542 2642 715 2666 sedericiano
733 2642 777 2666 (161
796 2642 862 2666 1160
882 2645 1054 2675 comparisce
1069 2645 1154 2667 unico
1175 2650 1265 2674 super-

369 2685 444 2714 stite,
465 2692 520 2708 con
542 2685 568 2708 la
588 2687 710 2716 cognata
725 2685 856 2715 MatIldc,
870 2687 978 2717 moglie
993 2687 1221 2718 probabilmentc
1234 2686 1264 2710 di

370 2727 512 2754 Artiucio.
533 2727 560 2750 di
582 2730 657 2751 tutta
678 2728 704 2751 la
724 2728 824 2760 stirpev
843 2736 856 2751 e
876 2736 891 2751 a
913 2729 952 2752 1111
975 2731 1088 2753 restano
1101 2729 1264 2753 conferitii

369 2769 465 2793 diritti
485 2776 570 2801 sopra
590 2770 610 2794 11
633 2770 717 2793 feudo
738 2771 765 2793 di
788 2770 909 2794 Carrara
929 2779 943 2794 e
957 2778 1042 2802 sopra
1063 2772 1083 2795 il
1105 2772 1264 2795 monastero

369 2811 397 2834 (11
412 2812 437 2835 S.
456 2812 583 2841 stefano,
603 2810 649 2843 gia
670 2813 816 2836 attribuiti
837 2820 851 2836 a
872 2814 941 2837 tutti
955 2814 996 2845 gli
1016 2813 1092 2837 credi
1114 2814 1159 2837 dal
1176 2814 1263 2845 privi-

370 2853 443 2883 legio
464 2853 507 2876 dcl
532 2861 605 2884 1114.
633 2854 743 2878 D'altra
758 2856 836 2885 parto
850 2855 906 2885 egli
923 2855 1038 2879 dovctte
1052 2857 1195 2879 sostenerc
1209 2863 1264 2879 una

368 2895 455 2926 lunga
475 2895 549 2919 lotta
569 2897 672 2919 contro
694 2896 713 2919 il
738 2903 861 2919 vescovo
887 2896 915 2919 di
944 2897 1066 2927 padova,
1095 2898 1261 2928 protrattasi

369 2937 455 2960 anche
476 2937 550 2968 dopo
570 2938 596 2961 la
619 2939 708 2961 morte
729 2945 786 2966 sua,
802 2937 902 2969 perch'c
922 2940 1020 2969 questo
1042 2939 1227 2963 rivendicavn
1242 2939 1262 2962 il

1320 2097 1423 2120 diritto
1438 2097 1467 2120 di
1481 2097 1724 2128 giuripatronato,
1738 2098 1859 2121 siccome
1873 2105 1887 2121 a
1902 2098 1944 2121 lui
1957 2100 2146 2129 competente,
2161 2106 2217 2122 con

1321 2139 1340 2161 il
1362 2138 1465 2162 diritto
1479 2138 1507 2162 di
1524 2139 1688 2163 intervento
1703 2139 1898 2163 nell'elezione
1911 2139 2063 2164 dell‘abate
2077 2147 2091 2164 e
2105 2140 2218 2164 l'obbli-

1320 2188 1356 2212 go
1371 2181 1445 2204 della
1467 2181 1557 2205 disesa
1579 2181 1622 2204 del
1644 2183 1805 2205 monastero
1825 2182 1852 2205 di
1873 2182 1900 2206 S.
1913 2181 2032 2206 Stefano
2047 2183 2074 2206 di
2097 2182 2217 2206 Can-rara

1320 2222 1369 2253 (cf.
1390 2223 1519 2252 CnoLDO,
1539 2224 1567 2248 S.
1589 2224 1702 2255 Stefana
1717 2225 1775 2253 cit.,
1789 2231 1814 2255 p.
1829 2231 1862 2256 30
1874 2232 1943 2256 sgg.‚
1964 2230 1996 2256 35
2017 2231 2094 2256 sgg.;
2115 2225 2217 2249 Donm
2266 2230 2275 2235 ’

1320 2264 1568 2293 DALL'ORoLon,
1594 2266 1797 2290 Dissertasiom'
1819 2270 1901 2295 sopra
1927 2267 1954 2290 la
1979 2267 2066 2290 storia
2092 2268 2216 2291 ecclesia-

1319 2307 1387 2330 stica
1414 2307 1444 2330 di
1468 2307 1592 2338 Pasiam,
1619 2307 1744 2336 Padova,
1766 2307 1841 2337 1808,
1863 2308 1909 2337 VI,
1929 2315 1980 2339 ,μς
2001 2309 2099 2339 Ζοκκι,
2122 2309 2149 2332 ΙΙ
2166 2313 2217 2333 ter-

1321 2348 1416 2372 rt'torio
1432 2349 1577 2378 pado-uano
1596 2350 1640 2372 nel
1660 2350 1773 2379 periodo
1793 2349 1823 2373 di
1847 2353 1971 2379 trapasso
1997 2351 2031 2373 da
2057 2350 2180 2374 comitato
2200 2359 2216 2374 a

1320 2399 1432 2419 comune,
1453 2392 1482 2414 in
1505 2392 1607 2415 Misc.
1645 2392 1679 2415 di
1718 2392 1844 2416 Stoi-ia
1881 2393 2030 2422 Veneta,
2054 2400 2074 2417 s-
2096 2392 2142 2421 IV,
2157 2393 2216 2418 vol.

1321 2438 1366 2461 111,
1393 2440 1418 2463 p.
1448 2438 1494 2463 145
1521 2433 1582 2464 sg.).
1618 2433 1745 2457 Dovette
1770 2433 1858 2456 anche
1888 2436 2030 2458 sostenere
2059 2442 2114 2458 una
2142 2434 2216 2458 sorte

1320 2473 1393 2498 lotta
1415 2477 1517 2498 contro
1545 2475 1571 2498 la
1598 2475 1730 2506 famiglia
1756 2475 1790 2499 da
1818 2476 1922 2506 Baone,
1941 2477 2051 2500 aiutata
2078 2477 2124 2500 dai
2145 2483 2215 2500 mar-

1320 2517 1397 2541 chesi
1414 2517 1444 2541 di
1463 2517 1537 2543 Este.
1559 2518 1677 2542 Intorno
1693 2517 1719 2541 al
1738 2517 1861 2546 1160-62,
1877 2519 1904 2541 in
1925 2520 2037 2550 seguito
2056 2518 2114 2542 alla
2133 2519 2215 2550 quale

1320 2559 1442 2591 aggrego
1463 2560 1520 2583 alla
1541 2567 1589 2583 sua
1609 2560 1820 2591 giurisdizione
1841 2561 1860 2584 11
1885 2562 2024 2585 comitato
2050 2561 2079 2584 di
2099 2560 2214 2585 Permu-

1320 2603 1366 2625 nia
1387 2602 1498 2631 (Zonm,
1513 2605 1553 2632 ost.
1567 2603 1622 2632 cil.,
1637 2610 1662 2634 p.
1680 2609 1726 2626 122
1748 2610 1814 2634 sgg.,
1834 2602 1883 2635 146
1897 2602 1956 2634 sg.).
1987 2603 2049 2635 Egli
2066 2603 2138 2627 mori
2155 2610 2213 2627 non

1320 2644 1410 2668 molto
1437 2645 1509 2669 oltre
1537 2646 1555 2668 11
1585 2645 1660 2676 1162,
1687 2644 1790 2677 perche
1815 2646 1990 2677 comparisce
2017 2653 2065 2677 per
2092 2646 2212 2670 l'ultima

1320 2687 1399 2710 volta
1420 2688 1447 2710 in
1475 2695 1511 2710 un
1537 2687 1708 2712 documento
1735 2687 1764 2711 di
1790 2687 1957 2719 quell’anno
1983 2687 2121 2718 (GLoRm,
2149 2689 2212 2712 Cod.

1319 2729 1383 2759 dipl.
1413 2730 1469 2757 cit.,
1498 2729 1529 2757 11,
1556 2736 1581 2758 π,
1607 2738 1632 2753 n.
1656 2736 1732 2762 1533,
1754 2738 1780 2762 p.
1802 2729 1872 2760 504).
1892 2737 1906 2753 e
1926 2730 1971 2753 dal
2001 2729 2064 2761 1165
2086 2728 2100 2754 “e
2120 2731 2211 2754 nomi-

1319 2773 1387 2795 nato
1406 2771 1470 2795 solo
1498 2772 1516 2795 il
1538 2772 1617 2802 flglio
1639 2771 1772 2803 [acopino
1799 2772 1934 2803 (Gnoam,
1953 2771 1987 2800 11,
2013 2779 2041 2797 n.
2066 2771 2126 2804 879,
2151 2772 2210 2803 882,

1319 2822 1344 2845 p.
1374 2820 1422 2844 140
1442 2814 1503 2845 ὃς).
1542 2814 1586 2837 Cf.
1607 2812 1732 2844 emmo,
1754 2814 1854 2838 Albero
1873 2815 1930 2841 cit.‚
1951 2821 1977 2846 p.
2006 2821 2046 2842 10,
2074 2814 2092 2838 il
2120 2815 2211 2846 quale,

1319 2856 1517 2888 appellandosi
1540 2856 1564 2879 al
1586 2857 1781 2879 testimoniale
1801 2856 1875 2880 della
1896 2856 1948 2880 lile
1971 2864 2025 2880 con
2048 2858 2055 2880 i
2077 2857 2212 2881 canonici

1318 2898 1361 2921 (161
1387 2904 1450 2929 ¹203
1467 2897 1572 2927 (Aaou.
1590 2898 1703 2927 CAmr..
1718 2898 1850 2927 ΡΛυονΛ,
1863 2899 1959 2931 Per-g..
1974 2899 2006 2923 T.
2022 2899 2041 2927 1,
2059 2900 2210 2929 l’ernumia,

1319 2947 1345 2962 n.
1371 2945 1409 2967 12,
1431 2939 1483 2971 13),
1505 2939 1567 2963 fissa
1587 2939 1740 2964 scnz‘altro
1761 2940 1788 2964 111
1808 2939 1874 2964 data
1897 2940 1923 2964 al
1945 2939 2021 2972 1163.

2258 785 2295 814 10

2257 1049 2293 1080 15

2252 1315 2293 1345 20

2247 1939 2281 1966 30

2243 2443 2277 2468 30

2241 2650 2273 2675 35

2240 2863 2274 2888 40
