2346 3597
129 298 167 319 so
191 296 274 329 pare
297 286 420 318 mesier
436 286 577 318 Iacomo
595 286 640 317 da
663 286 823 323 Carrara,
842 285 913 317 cosi
928 285 1028 316 inde-

130 340 318 373 bitamente
349 340 573 381 decapitado,
601 339 658 371 nel
681 345 800 380 tempo
816 339 837 376 ¹,
869 338 934 370 che
967 349 1030 380 per

76 419 83 427 ,
129 394 253 426 mesier
276 393 310 425 lo
333 403 426 434 papa
450 393 487 424 fo
503 392 696 434 predicada
723 392 755 423 la
780 403 878 424 crose
903 391 1027 424 adosso

61 772 99 804 10

61 1037 96 1070 15

54 1306 96 1338 20

54 1572 94 1604 25

54 1843 96 1874 30

57 2161 98 2193 35

59 2429 99 2460 40

59 2695 99 2726 45

127 447 161 479 al
177 446 369 479 sovraditto
393 445 520 478 mesier
542 445 686 488 Eccelin
711 446 755 477 da
775 445 922 482 Roman,
940 455 1028 477 sem-

127 509 191 542 pre
215 501 252 531 fo
276 505 310 531 et
334 509 427 531 esser
443 499 538 531 volse
562 509 605 529 ne
630 499 812 531 l'exercito
837 499 881 530 de
905 498 1031 530 mesier

128 552 161 585 10
178 553 305 596 legato,
332 553 365 584 el
389 552 471 595 qual
487 552 526 584 fo
549 562 613 594 per
636 552 670 584 lo
693 553 886 584 sovraditto
903 553 1031 584 mesier

128 607 161 637 lo
187 616 279 647 papa
310 606 484 637 mandado
507 616 528 636 a
551 605 678 637 liberat
702 605 735 637 la
759 605 826 637 cita
859 606 903 638 de
935 605 1029 637 Pava

127 659 207 691 dela
229 658 434 692 subieccion
457 659 514 691 del
537 659 624 691 ditto
648 659 773 691 mesier
795 660 947 703 Eccelin.
986 659 1029 690 El

127 713 229 756 quale
252 714 288 745 in
312 712 392 755 quel
417 718 534 754 tempo
559 722 627 745 con
650 714 732 756 ogni
759 724 926 756 possanca
949 713 1029 745 dela

127 764 274 797 Marcha
291 766 488 804 Tfivisana,
512 766 574 809 coe
599 767 642 798 de
667 766 798 805 Padoa,
823 767 980 808 Vioenca
995 773 1029 798 et

126 819 279 857 Verona,
296 825 331 851 et
345 830 412 852 con
427 820 439 851 i
454 819 505 851 soi
522 820 579 851 del
597 819 812 852 Pedemonte
830 820 874 852 de
890 819 1027 851 Triviso

127 884 146 905 a
168 883 271 905 mano
286 874 429 907 armada
445 874 667 906 hostilmente
684 874 718 906 in
739 875 845 917 quelli
868 874 904 906 di
927 875 1027 907 volea

125 927 290 958 assaltare
322 927 354 958 el
386 933 501 959 terren
533 928 577 960 de
608 928 763 960 Mantoa.
810 928 854 960 Et
878 928 962 960 tolto
994 927 1026 959 el

126 986 253 1022 tempo,
278 990 377 1013 como
393 981 402 1011 i
420 981 586 1024 astrologi
603 981 633 1013 el
651 981 848 1018 conseiava,
872 981 916 1013 de
941 990 1025 1012 con-

124 1033 212 1077 siglo
229 1033 264 1065 di
280 1034 374 1076 quali
389 1033 458 1066 ello
475 1034 652 1076 procedea
668 1034 705 1065 in
721 1034 802 1077 ogni
815 1044 875 1066 soa
887 1043 1025 1077 guerra,

125 1088 253 1119 cercha
276 1087 308 1118 el
333 1087 504 1130 principio
529 1088 587 1120 del
609 1097 702 1120 mese
726 1088 770 1120 de
785 1097 884 1130 maco
909 1087 1025 1119 caval-

126 1141 192 1173 cho
216 1141 270 1173 sul
292 1147 489 1179 mantoano,
520 1141 700 1173 credando
731 1141 879 1172 mandat
904 1141 948 1172 ad
974 1140 1025 1172 ef-

125 1195 212 1227 fetto
235 1195 364 1237 quello,
389 1195 454 1227 che
472 1195 578 1227 molto
594 1200 711 1236 tempo
735 1194 804 1227 ello
827 1195 938 1226 havea
964 1195 1025 1226 de-

123 1249 250 1290 sirado,
281 1249 429 1288 benche,
459 1250 561 1290 nauci
590 1249 655 1281 che
687 1249 709 1280 ’1
740 1247 939 1280 cavalcasse
971 1247 1024 1279 sul

124 1302 211 1334 ditto
233 1308 350 1334 terren
380 1308 554 1340 mauman,
578 1301 645 1335 ello
677 1302 724 1333 fe'
748 1301 958 1343 imprisonar
984 1310 1022 1332 so

122 1365 241 1387 sosero
257 1357 382 1387 mesier
405 1355 650 1389 Bontraverso.
663 1366 732 1388 non
755 1354 924 1396 sapiando
942 1364 1023 1386 cosa

121 1409 248 1452 alguna
270 1410 419 1442 madona
441 1409 611 1448 Beatrise,
635 1419 695 1441 soa
718 1409 808 1440 fiola.

1912 159 1982 194 193

1082 283 1263 316 nobilitate
1295 290 1330 316 et
1358 296 1476 317 eorum
1508 286 1660 319 moribus
1691 288 1865 320 dissonum
1899 298 1982 327 erat,

1080 337 1234 370 vindicte
1251 338 1372 370 mortis
1387 339 1496 381 patris
1512 350 1629 371 eorum
1653 342 1880 381 aptitudinem
1897 354 1985 375 sem-

1080 401 1142 432 per
1172 391 1411 433 inspicientes,
1443 392 1478 423 in
1512 403 1630 424 eorum
1662 395 1785 426 castris
1822 401 1856 427 et
1891 397 1983 428 villis

1080 444 1294 477 habitabant.
1334 445 1378 476 Hi
1402 451 1473 477 tum
1497 457 1669 478 armorum
1694 459 1830 490 semper
1847 451 1982 482 exerci-

1083 499 1133 530 tio
1165 499 1285 537 dediti,
1317 501 1477 542 ingentes
1508 511 1593 542 opes
1624 512 1703 534 suas
1735 503 1872 545 prodigi
1904 515 1980 536 cum

1082 551 1201 584 amicis
1218 553 1516 590 communiebant;
1534 554 1700 586 nobilium
1718 556 1844 588 civium
1862 565 1896 590 et
1909 559 1981 600 ple-

1081 604 1248 644 beiorum,
1265 616 1352 648 quos
1370 606 1501 638 Ezelini
1518 607 1642 639 sevitia
1667 610 1831 648 terrebat,
1848 612 1980 644 turbam

1080 657 1115 688 in
1139 667 1258 689 eorum
1284 659 1406 690 castris
1431 670 1499 691 non
1516 661 1689 693 modicam
1707 662 1890 696 habebant.
1936 665 1982 696 Hi

1081 711 1254 753 refugium
1272 718 1306 744 et
1331 713 1490 745 exulibus
1514 715 1646 755 patavis
1665 723 1764 748 erant
1779 723 1887 749 tutum
1903 730 1981 762 asy-

1081 763 1160 803 lum,
1188 765 1372 807 primique,
1398 767 1468 808 qui‚
1492 769 1669 810 equitante
1694 770 1834 802 domino
1866 772 1980 814 legato

1080 818 1124 850 de
1148 818 1229 849 villa
1253 818 1466 851 Plebissacci
1484 831 1599 852 versus
1615 822 1770 854 Paduam
1787 834 1850 864 pro
1868 836 1981 857 exem-

1079 872 1199 913 ptione
1225 872 1372 904 civitatis
1394 872 1500 915 ipsius
1517 874 1560 905 de
1577 875 1709 907 ditione
1733 876 1879 917 Ezelini,
1903 889 1979 910 cum

1078 925 1238 967 gentibus
1262 925 1423 959 Marchie
1447 928 1551 959 totius
1568 934 1603 960 et
1619 928 1771 967 aliunde,
1794 936 1830 962 ut
1846 930 1880 961 in
1905 942 1980 964 cro-

1077 978 1164 1010 nicis
1188 979 1295 1021 ipsius
1320 980 1446 1022 legitur
1474 981 1620 1018 EzeHni,
1651 983 1685 1014 in
1718 994 1808 1015 anno
1839 984 1979 1017 Domini

1078 1032 1261 1065 millesimo
1294 1033 1534 1066 ducentesimo
1565 1035 1855 1079 quinquagesimo
1883 1045 1979 1072 sexto

1077 1092 1266 1128 posuerunt
1297 1087 1332 1119 in
1363 1087 1482 1129 fugam
1520 1094 1661 1131 gentem
1692 1090 1799 1131 ipsius
1832 1092 1978 1131 Ezelini,

1077 1151 1179 1183 quam
1204 1140 1411 1172 Ansedisius
1434 1141 1479 1172 de
1495 1142 1677 1174 comitibus
1702 1144 1874 1183 Guidotis,
1892 1146 1978 1179 Eze-

1077 1194 1137 1226 lini
1154 1204 1263 1235 nepos
1277 1199 1310 1225 et
1322 1193 1416 1226 vices
1431 1195 1537 1237 ipsius
1550 1195 1668 1228 Padue
1685 1208 1822 1239 gerens,
1838 1200 1980 1231 miserat

1075 1248 1289 1289 provisuram
1313 1247 1468 1279 militiam
1495 1249 1711 1281 advenientis
1736 1251 1850 1293 legati,
1875 1263 1976 1295 quam

1075 1301 1296 1343 plebeculam
1319 1301 1531 1343 appellabat.
1578 1302 1650 1334 Sed
1674 1314 1743 1335 non
1766 1306 1881 1346 potuit
1904 1305 1976 1337 An-

1075 1355 1224 1387 sedisius
1241 1355 1409 1386 intentum
1426 1355 1562 1397 exequi,
1580 1366 1658 1388 nam
1676 1358 1824 1398 predicti
1848 1360 1977 1391 fratres

1076 1407 1206 1440 domini
1230 1408 1416 1446 Mai-silius,
1448 1408 1651 1441 Albertinus
1683 1416 1717 1442 et
1740 1411 1883 1454 Ugufio,
1916 1413 1975 1455 qui

1074 1462 1389 1503 opportunitatibus
1406 1462 1541 1494 cunctis
1556 1463 1698 1495 solliciti
1711 1470 1882 1508 cauteque
1899 1476 1977 1508 pre-

1075 1514 1252 1553 videbant,
1269 1515 1534 1548 advenientibus
1552 1516 1727 1548 Ansedisii
1751 1519 1921 1559 gentibus,
1938 1531 1975 1552 se

1075 1568 1220 1600 viriliter
1244 1574 1492 1610 opposuerunt,
1513 1579 1598 1611 quos
1621 1580 1701 1602 mox
1724 1579 1917 1612 posuerunt
1938 1574 1974 1605 in

1073 1623 1202 1664 fugam,
1227 1621 1354 1653 deinde
1371 1621 1486 1653 future
1511 1623 1656 1654 victorie
1673 1633 1769 1665 spem
1787 1626 1883 1668 quasi
1900 1636 1975 1658 cer-

1075 1681 1145 1707 tam
1169 1675 1362 1706 referentes
1379 1674 1423 1706 ad
1448 1685 1527 1706 suos
1551 1685 1627 1707 cum
1653 1677 1761 1708 letitia
1785 1679 1973 1711 redierunt.

1163 1728 1307 1760 Constat
1331 1733 1365 1759 et
1396 1728 1440 1759 de
1473 1728 1621 1761 dominis
1653 1730 1726 1762 istis
1749 1731 1972 1765 instrumenta

1073 1782 1192 1820 multa,
1221 1792 1312 1813 anno
1344 1782 1484 1813 Domini
1520 1782 1702 1815 millesimo
1734 1785 1972 1818 ducentesimo

1073 1835 1358 1877 quinquagesimo
1382 1840 1507 1866 octavo
1532 1841 1567 1867 et
1597 1836 1634 1868 in
1665 1838 1872 1870 successivis
1895 1839 1971 1870 mil-

1071 1888 1199 1920 lesimis
1224 1889 1266 1920 de
1299 1888 1446 1920 diversis
1468 1889 1705 1922 diversimodo
1728 1892 1903 1929 confecta,
1927 1892 1971 1924 de

1073 1942 1197 1984 quibus
1212 1941 1285 1973 sola
1302 1942 1370 1973 duo
1391 1942 1447 1973 hic
1463 1942 1537 1983 ipse
1555 1942 1784 1981 conscribam,
1801 1945 1972 1976 sufficien-

1072 1998 1119 2028 tia
1143 1997 1225 2028 satis
1249 1997 1293 2027 ad
1317 1997 1567 2028 ostendendam
1600 1997 1770 2040 propositi
1792 1998 1858 2029 mei
1884 1999 1970 2030 veri-

1072 2056 1191 2082 tatem.

211 2163 264 2194 41.
287 2181 330 2187 —-
363 2163 529 2207 Vignudo
553 2164 693 2196 doncha
717 2175 738 2196 a
761 2164 893 2197 noticia
916 2166 960 2197 de
984 2165 1113 2197 mesier
1129 2164 1316 2197 Ansedisio
1341 2164 1378 2196 di
1404 2166 1499 2197 conti
1524 2166 1682 2197 Guidotti
1698 2165 1720 2203 ²,
1748 2166 1887 2198 nevode
1911 2167 1969 2198 del

126 2215 212 2248 ditto
228 2216 391 2259 Eccelino
408 2222 442 2248 et
458 2227 520 2258 per
535 2217 584 2249 lui
600 2218 796 2259 podestade
812 2218 850 2250 in
874 2217 980 2256 Pava,
1004 2219 1069 2251 che
1086 2219 1214 2250 mesier
1231 2219 1262 2250 lo
1281 2219 1408 2259 legato,
1425 2219 1458 2249 el
1476 2219 1557 2260 qual
1574 2219 1691 2261 vignia
1707 2225 1829 2251 contra
1845 2220 1971 2251 mesier

124 2268 300 2311 Eccelino,
324 2280 383 2301 era
406 2275 509 2313 conto
526 2281 546 2301 a
562 2270 717 2312 Vinesia,
741 2276 777 2302 et
799 2272 864 2303 che
888 2283 908 2303 a
931 2271 980 2304 lui
1005 2282 1065 2303 era
1088 2271 1217 2303 redutti
1242 2275 1323 2303 tutti
1347 2272 1357 2301 i
1382 2271 1484 2303 usciti
1502 2272 1545 2302 de
1562 2271 1668 2310 Pava,
1685 2278 1719 2303 et
1743 2272 1814 2303 cosi
1831 2273 1841 2303 i
1858 2272 1966 2304 nobili

126 2332 227 2354 como
250 2323 262 2354 i
286 2323 459 2365 populari,
485 2330 520 2356 et
536 2324 601 2356 che
625 2324 635 2355 i
660 2325 738 2357 ditti
762 2325 863 2357 usciti
886 2326 999 2358 havea
1022 2326 1141 2358 elletto
1166 2336 1228 2366 per
1253 2336 1290 2357 so
1315 2325 1508 2366 podestade
1526 2325 1650 2357 mesier
1666 2325 1789 2358 Marco
1808 2326 1968 2364 Quirino,

125 2376 257 2408 citadin
281 2377 324 2408 de
350 2376 512 2416 Venesia,
529 2378 633 2410 homo
648 2378 744 2410 savio
761 2385 796 2410 et
811 2379 964 2422 egregio,
988 2385 1022 2411 et
1037 2380 1161 2411 mesier
1184 2379 1307 2410 Marco
1331 2379 1491 2411 Badoero
1508 2389 1602 2410 esser
1624 2379 1713 2411 fatto
1730 2380 1968 2411 mareschalco

124 2429 168 2460 de
192 2434 282 2462 tutto
306 2429 403 2462 l'oste
427 2431 484 2462 del
509 2431 596 2463 ditto
620 2431 744 2463 mesier
769 2432 801 2463 lo
824 2433 951 2476 legato,
975 2433 1125 2465 voiando
1143 2433 1189 2463 lui
1206 2433 1318 2473 prima
1342 2432 1505 2464 assaltare
1523 2432 1587 2463 che
1605 2443 1700 2464 esser
1725 2433 1906 2473 assaltado,
1931 2432 1966 2463 in

124 2493 193 2514 una
216 2488 318 2515 nocte
342 2482 389 2515 fe’
414 2489 552 2526 guastar
575 2484 586 2515 i
609 2484 742 2522 molini,
765 2485 777 2516 i
801 2485 894 2527 quali
917 2486 1064 2518 mettudi
1088 2486 1123 2517 in
1147 2486 1178 2517 le
1197 2495 1306 2527 acque
1331 2485 1434 2516 dolce
1458 2495 1599 2526 apresso
1617 2485 1649 2516 le
1667 2496 1778 2528 acque
1802 2486 1890 2517 salse
1907 2496 1967 2518 era

124 2534 182 2567 del
199 2535 287 2568 ditto
303 2537 428 2569 mesier
450 2536 572 2569 Marco
597 2537 769 2576 Badoero,
793 2544 828 2570 et
843 2538 890 2569 fe'
907 2539 1018 2571 fornir
1035 2540 1067 2571 el
1084 2539 1227 2570 castello
1253 2538 1296 2570 de
1322 2538 1516 2570 anolenta
1540 2538 1618 2570 dele
1644 2549 1724 2571 cose
1741 2544 1829 2570 tutte
1848 2549 1967 2570 neces-

124 2589 228 2627 sarie,
241 2589 312 2622 asai
336 2590 395 2632 piu
419 2590 485 2622 che
509 2590 650 2623 foi-nido
672 2601 717 2623 no
739 2602 798 2623 era
821 2597 874 2624 sta
896 2603 961 2634 per
985 2588 1017 2624 10
1041 2593 1200 2634 passad0‚
1223 2598 1256 2623 et
1280 2591 1327 2622 fe’
1353 2592 1512 2623 eciandio
1537 2602 1651 2622 serrar
1675 2592 1706 2622 le
1732 2592 1786 2623 vie
1812 2592 1845 2623 ai
1863 2592 1967 2629 flami,

123 2643 254 2685 acoche
277 2644 310 2675 le
335 2653 424 2675 nave
448 2644 493 2675 de
516 2644 612 2686 quini
636 2645 681 2676 da
707 2645 848 2677 Vinesia
872 2655 917 2677 no
942 2656 1098 2687 possesse
1124 2646 1228 2677 haver
1252 2645 1348 2677 adito
1372 2645 1440 2675 fina
1472 2645 1503 2676 al
1538 2645 1626 2677 ditto
1652 2645 1792 2677 castello
1825 2645 1867 2676 de
1899 2645 1966 2677 Bo-

125 2696 274 2728 volenta.
313 2696 373 2729 Fe’
390 2697 551 2729 eciandio
568 2698 730 2740 guarnire
747 2698 780 2730 el
801 2699 945 2731 castello
967 2700 1010 2730 de
1029 2698 1319 2730 Conchadalbaro
1338 2704 1372 2729 et
1387 2699 1538 2739 guar-dar
1556 2708 1621 2730 con
1638 2699 1720 2740 ogni
1732 2698 1965 2734 solicitudine,

123 2755 158 2781 et
181 2749 213 2781 la
236 2750 319 2782 villa
343 2751 387 2782 de
411 2750 580 2783 Conselve
605 2751 790 2783 circondar
806 2753 850 2784 de
866 2753 972 2790 fossa,
991 2758 1024 2785 et
1049 2753 1119 2784 cosi
1135 2752 1394 2795 generalmente
1412 2758 1536 2783 metter
1551 2752 1587 2783 in
1607 2752 1739 2794 guarda
1763 2752 1843 2795 ogni
1861 2751 1965 2794 luogo

123 2808 157 2834 et
179 2809 293 2845 porto,
317 2804 411 2837 unde
435 2805 446 2836 i
470 2805 592 2836 nemisi
615 2815 769 2847 possesse
793 2806 928 2848 vignire
954 2817 973 2837 a
1004 2812 1096 2838 terra
1129 2807 1248 2837 ferma.
1296 2804 1356 2836 Ma
1387 2811 1508 2846 questo
1541 2805 1658 2837 niente
1690 2804 1789 2837 obsto
1821 2806 1852 2836 al
1877 2806 1964 2837 ditto

214 2940 220 2958 ¹
241 2943 429 2973 Rommmno,
450 2945 589 2975 Chronica,
610 2945 683 2973 VIII,
711 2953 730 2969 1.
1157 2945 1167 2960 2
1187 2945 1374 2973 Romxmrm,
1399 2945 1536 2973 Chronica,
1556 2944 1629 2973 VIII,
1653 2953 1672 2969 1.

255 3061 286 3085 T.
308 3062 394 3089 XVII,
414 3070 440 3095 p.
460 3069 471 3085 1
492 3075 522 3080 —-
547 3070 585 3094 13.
