2346 3597
21 782 57 812 10

23 1099 61 1132 15

21 1367 62 1397 20

33 1647 66 1674 25

35 1871 70 1898 30

34 2095 68 2121 35

35 2317 70 2344 40

36 2541 69 2566 45

83 295 255 328 Consilve.
300 296 420 327 Trovo
442 295 596 327 anchora
619 295 668 326 lui
691 295 797 326 haver
813 294 905 326 habu
922 304 983 336 per

84 356 244 380 consorte
261 359 328 380 una
344 348 492 379 madona
510 347 632 384 Maria,
656 347 736 379 fiola
753 348 795 379 de
811 347 982 390 l'egregio

77 401 283 433 'chavaliero
306 411 418 433 meser
444 399 588 433 Alberto
605 400 650 432 da
667 400 775 432 Baon.
821 400 863 431 El
881 400 983 442 quale

84 464 198 486 meser
220 454 365 486 Alberto
390 460 512 492 morto,
534 453 568 484 la
593 454 680 485 ditta
703 454 855 485 madona
872 453 984 485 Maria

84 507 233 540 succede
257 508 292 538 in
315 512 412 539 tanta
435 506 655 538 multitudine
681 507 724 538 de
752 506 848 544 roba,
874 507 939 538 che
963 506 984 537 'l

85 560 172 592 ditto
196 571 307 592 meser
328 559 485 591 Iacomin
507 560 553 590 da
575 558 724 590 Carrara
749 559 779 590 la
804 560 899 592 volse
923 570 985 600 per

84 613 266 656 privilegio
297 622 491 655 cognoscer
526 612 571 644 da
599 612 855 653 l’imperadoee,
886 622 984 644 como

86 677 154 708 qua
175 666 234 709 giu
265 666 309 697 de
340 671 433 697 sotto
463 665 644 706 apparera.
691 665 735 696 Et
764 665 874 706 prima
905 664 984 696 dela

85 718 265 750 sentencia
288 719 380 750 dada
404 729 468 760 per
484 717 517 750 lo
543 717 649 749 haver
665 717 828 750 combatix
844 719 877 750 la
894 724 984 750 torre

86 771 129 803 de
152 771 300 803 Alberto
325 772 370 804 da
394 770 501 808 Baon,
526 777 561 803 et
586 771 644 813 poi
661 782 725 812 per
747 771 782 803 la
805 772 918 803 forma
942 771 986 803 de

86 824 290 867 l’imperiale
316 824 500 867 privilegio
524 824 732 868 concedudo
757 825 789 856 al
813 824 902 856 ditto
917 835 988 855 me-

86 877 155 909 sier
177 877 356 909 Iacomino
379 887 482 909 sovra
506 876 539 908 la
569 877 775 910 hereditade
799 877 877 909 dela
900 876 988 908 ditta

88 930 236 963 madona
257 929 369 962 Maria
392 940 452 961 soa
483 936 655 962 consorte.

177 1038 229 1069 20.
256 1055 295 1059 —
319 1037 551 1069 Instrumento
576 1035 655 1068 dela
685 1036 866 1068 sentencia
896 1034 988 1068 dada

87 1090 176 1123 intra
192 1089 337 1122 Alberto
356 1090 400 1122 da
417 1090 513 1121 Baon
530 1091 574 1122 da
590 1099 660 1121 una
676 1094 775 1130 parte
792 1095 827 1121 et
840 1089 988 1120 madona

89 1142 293 1176 Bartholina
316 1148 351 1175 et
375 1143 406 1174 le
431 1142 509 1174 fiole
534 1148 569 1174 et
584 1142 705 1185 Marco
722 1148 756 1174 et
772 1142 926 1174 Iacomin
944 1143 988 1174 da

89 1197 239 1230 Carrara
257 1203 291 1228 et
314 1197 347 1228 le
365 1196 495 1228 moiere
515 1196 558 1227 de
576 1195 672 1238 quilli
690 1196 734 1227 de
749 1196 861 1227 l'altra
878 1200 988 1237 parte.

90 1251 135 1282 Et
158 1255 279 1292 questo
303 1260 365 1291 per
388 1259 494 1281 cason
527 1248 595 1281 che
619 1248 641 1279 'l
665 1248 752 1281 ditto
776 1248 929 1280 Iacomin
954 1255 989 1280 et

91 1302 213 1336 Marco
236 1303 347 1334 havea
370 1301 531 1334 combatii
555 1301 589 1333 la
617 1308 709 1334 torre
734 1302 792 1334 del
815 1301 904 1334 ditto
929 1301 990 1333 Al-

438 164 612 200 GESTA
640 163 946 199 MAGNIFICA
975 162 1160 199 DOMUS
1191 161 1580 198 CARRARIENSIS

1856 161 1926 200 173

1038 293 1174 325 Alberti
1199 294 1243 325 de
1268 294 1396 330 Baone,
1417 304 1458 324 ex
1483 303 1550 334 qua
1575 293 1794 335 quamplures
1818 294 1936 334 genuit

1036 347 1145 384 filios3
1159 353 1362 389 mortuoque
1376 346 1517 378 domino
1534 346 1690 383 Alberto,
1708 346 1762 378 cui
1775 345 1935 387 predicta

1038 400 1176 432 domina
1192 399 1304 431 Maria
1327 400 1494 431 successit
1517 399 1551 430 in
1569 398 1719 429 maxima
1736 398 1935 430 divitiarum

1037 454 1149 495 copia,
1173 452 1216 484 ab
1241 452 1450 494 imperatore
1484 452 1663 483 Friderieo
1689 451 1724 482 in
1755 452 1936 483 millesimo

1036 506 1226 537 centesimo
1251 505 1485 548 octuagesimo
1503 510 1624 546 quarto
1647 504 1861 546 privilegium
1878 505 1938 536 ob-

1036 560 1148 597 tinuit,
1170 565 1206 590 ut
1228 558 1376 596 divitias,
1393 569 1460 600 que
1477 557 1523 589 ad
1539 558 1650 599 ipsum
1667 558 1783 589 uxoris
1799 559 1935 590 nornine

1038 612 1182 644 transire
1207 611 1394 649 debebant,
1421 617 1584 652 tanquam
1617 611 1751 652 imperii
1783 611 1939 651 pheuda-

1038 666 1120 697 toris
1144 664 1187 696 ab
1210 664 1357 706 imperio
1381 669 1621 706 cognosceret,
1645 664 1741 695 cuius
1766 664 1938 705 privilegii

1039 725 1139 750 tenor
1163 718 1254 749 infra
1278 717 1422 759 legetur.

1130 1034 1183 1065 20.
1208 1054 1248 1058 —
1275 1035 1538 1066 instrumentum
1562 1035 1733 1068 sententie
1756 1036 1826 1067 late
1850 1036 1940 1068 inter

1043 1087 1223 1120 Albertum
1241 1089 1285 1120 de
1303 1088 1420 1119 Baone
1445 1099 1488 1119 ex
1503 1099 1572 1119 una
1595 1095 1692 1130 parte
1710 1095 1744 1120 et
1767 1088 1939 1120 dominam

1043 1141 1249 1173 Bertolinam
1274 1148 1308 1174 et
1332 1141 1424 1173 filias
1448 1148 1483 1173 et
1500 1142 1670 1173 Marcium
1690 1149 1723 1174 et
1739 1143 1941 1175 Iacobinum

1042 1196 1085 1227 de
1108 1195 1270 1227 Carraria
1293 1200 1326 1226 et
1342 1206 1468 1227 uxores
1485 1206 1614 1232 eorum,
1631 1206 1673 1227 ex
1691 1196 1807 1232 altera,
1825 1203 1858 1227 et
1873 1197 1940 1228 hoc

1041 1249 1229 1281 occasione
1261 1248 1502 1280 debellationis
1532 1249 1635 1280 turris
1669 1249 1774 1290 ipsius
1804 1248 1941 1281 Alberti

1042 1302 1134 1334 facte
1158 1312 1221 1343 per
1244 1301 1444 1334 Iacobinum
1469 1308 1503 1333 et
1527 1302 1708 1334 Marcium.

89 1357 189 1389 berto
214 1356 259 1388 da
282 1356 380 1388 Baon
394 1354 413 1387 ¹.

183 1472 215 1496 In
230 1473 346 1496 nomine
359 1472 469 1496 domini
486 1473 577 1496 nostri
592 1471 674 1495 Ihesu
689 1471 810 1496 Christi.
840 1472 926 1495 Anno
940 1471 1066 1496 eiusdem
1083 1473 1249 1496 nativitatis
1263 1471 1416 1495 millesimo
1431 1473 1586 1495 centesimo
1601 1473 1793 1503 octuagesimo
1809 1472 1940 1500 secundo,

96 1516 243 1540 indicione
262 1515 483 1547 quintadecima,
503 1515 549 1539 die
568 1517 668 1547 quinta
689 1516 816 1539 intrante
837 1523 931 1539 mense
946 1515 1118 1539 novembris.
1144 1515 1175 1538 In
1198 1516 1343 1546 presencia
1357 1514 1497 1538 bonorum
1512 1514 1672 1545 hominurn,
1688 1517 1804 1539 nomina
1820 1523 1939 1546 quorum

97 1561 227 1585 dicentur
246 1561 377 1591 inferius,
395 1559 538 1584 Iohannes
558 1559 696 1592 Copellus
717 1566 751 1583 ex
771 1561 904 1592 precepto
925 1561 952 1583 et
976 1560 1124 1584 voluntate
1143 1560 1268 1584 omnium
1290 1559 1447 1587 consulum,
1468 1560 1587 1592 excepto
1608 1559 1745 1584 Ottolino
1765 1562 1793 1584 et
1818 1560 1939 1592 Rogato,

98 1606 245 1634 iudicibus.
263 1607 310 1637 qui
331 1607 413 1629 erant
431 1605 569 1634 absentes,
589 1605 664 1629 inter
684 1604 833 1628 Albertum
854 1605 887 1628 de
907 1605 1004 1628 Baone
1022 1611 1057 1628 ex
1076 1612 1132 1628 una
1152 1607 1232 1638 parte
1251 1607 1279 1629 et
1299 1605 1445 1628 dominam
1466 1604 1664 1628 Bartholinam
1685 1607 1712 1628 et
1731 1605 1805 1629 filias
1818 1607 1846 1629 et
1866 1606 1938 1629 Mar-

99 1650 173 1674 cium
186 1651 213 1674 et
226 1649 391 1673 Iacobinum
412 1649 445 1673 de
465 1648 598 1673 Carraria
617 1650 645 1672 et
665 1656 768 1672 uxores
788 1656 885 1673 eorum
905 1655 940 1672 ex
960 1649 1050 1672 altera
1071 1650 1159 1681 parte,
1179 1649 1264 1673 talem
1285 1649 1408 1680 protulit
1428 1650 1610 1673 sentenciam.
1648 1649 1708 1680 Ego
1723 1648 1863 1673 Iohannes
1884 1649 1940 1673 Co-

98 1695 199 1727 pellus,
218 1695 304 1718 iudex
323 1696 350 1718 et
370 1694 479 1722 consul,
499 1694 563 1718 dico
584 1695 611 1717 et
631 1695 759 1726 precipio
779 1693 855 1725 quod
876 1694 1011 1718 Albertus
1032 1693 1065 1717 de
1086 1694 1180 1718 Baonc
1200 1694 1282 1723 sciat,
1304 1694 1381 1725 quod
1400 1695 1488 1718 turris
1505 1696 1533 1718 et
1559 1694 1659 1718 domus
1684 1694 1807 1718 filiarum
1828 1695 1939 1718 domini

98 1740 243 1764 Albertini
265 1739 298 1763 de
318 1737 495 1771 Capitesilve
513 1738 563 1762 fiat
588 1739 616 1762 et
642 1739 810 1762 conlocatur
835 1738 871 1762 ad
896 1745 958 1762 eum
979 1739 1093 1762 modum
1119 1740 1147 1762 et
1174 1746 1342 1768 mensuram,
1367 1746 1420 1769 qua
1446 1738 1502 1762 alia
1528 1738 1590 1762 vice
1614 1739 1774 1768 statuimus,
1799 1746 1885 1770 usque
1905 1739 1940 1762 ad

99 1784 274 1808 dominicam
289 1784 322 1807 de
335 1782 443 1815 Lacaro
457 1783 618 1815 proximam
639 1783 808 1807 venientem.
846 1781 930 1810 Quod
946 1784 967 1806 si
990 1791 1046 1806 non
1069 1783 1278 1815 adimpleverit,
1294 1783 1357 1807 dico
1374 1783 1450 1814 quod
1464 1783 1511 1806 illi
1525 1784 1618 1806 decem
1632 1784 1734 1812 mansi,
1749 1791 1816 1814 quas
1831 1784 1938 1816 obliga·

98 1829 142 1853 vit
161 1828 296 1853 Albertus
316 1828 480 1852 Lanfranco
500 1828 533 1851 de
554 1827 718 1859 Aregnano,
737 1828 918 1860 procuratori
941 1828 1056 1851 domine
1076 1827 1227 1852 Albertine
1253 1829 1280 1852 et
1298 1828 1421 1851 filiarum
1447 1828 1507 1851 eius
1532 1830 1559 1851 et
1585 1828 1674 1851 Marci
1707 1829 1734 1851 et
1759 1828 1887 1852 iacobini
1914 1830 1941 1852 et

101 1874 200 1897 uxoris
219 1874 278 1897 eius
292 1880 344 1905 pro
359 1872 464 1896 eisdem
484 1872 662 1904 accipiendis
677 1873 706 1896 in
721 1874 800 1896 curia
814 1872 1012 1904 Capitissilve‚
1027 1880 1096 1903 quos
1112 1874 1165 1904 ipsi
1182 1873 1328 1904 elegerint,
1341 1880 1391 1904 pro
1405 1873 1483 1896 mille
1498 1873 1580 1896 libris
1595 1874 1693 1896 venete
1713 1880 1761 1896 seu
1776 1873 1942 1896 veronensis

99 1919 220 1945 monete,
240 1918 299 1942 sint
318 1918 388 1949 ipsis
409 1918 449 1941 ita
469 1917 602 1949 obligati,
623 1919 654 1941 ut
674 1925 720 1941 eos
741 1917 941 1942 intromittant
960 1919 988 1941 et
1008 1919 1131 1945 teneant,
1152 1918 1241 1941 donec
1261 1916 1396 1941 Albertus
1418 1916 1562 1949 [solverit]
1583 1917 1726 1948 predictas
1747 1917 1825 1940 mille
1846 1917 1942 1940 libras.

99 1962 173 1986 Dico
193 1963 292 1991 eciam,
306 1963 337 1985 ut
351 1961 539 1992 fideIussores,
559 1969 631 1992 quos
651 1961 731 1986 dedit
751 1961 885 1985 Albertus
906 1962 996 1986 eidern
1022 1961 1187 1985 Lanfranco
1208 1962 1241 1986 de
1260 1962 1424 1994 Aregnano,
1446 1962 1625 1993 procuratori
1646 1961 1763 1985 domine
1783 1962 1944 1990 Albertine,

98 2008 255 2040 accipienti
275 2014 327 2038 pro
346 2006 527 2039 supradictis,
555 2006 605 2030 sub
625 2013 697 2038 pena
722 2008 942 2038 quingentarum
968 2007 1105 2031 librarum
1133 2008 1192 2031 sint
1218 2007 1339 2039 obligati
1361 2007 1497 2038 predictis
1523 2008 1664 2038 personis,
1685 2007 1709 2030 si
1729 2006 1864 2030 Albertus
1884 2013 1939 2029 non

99 2051 300 2084 adimpleverit
319 2051 394 2083 quod
414 2059 498 2083 supra
519 2051 627 2075 dictum
647 2052 698 2075 est.
735 2052 876 2075 Similiter
896 2053 1033 2084 precipio,
1062 2054 1091 2075 ut
1112 2052 1236 2084 predicte
1257 2053 1372 2075 domine
1392 2054 1418 2075 et
1440 2052 1495 2075 viri
1518 2052 1641 2083 ipsarum
1670 2051 1778 2075 faciant
1800 2052 1829 2075 in
1857 2051 1942 2082 Capi-

99 2097 202 2121 tesilve
221 2104 308 2121 unum
328 2097 422 2120 locum
440 2097 645 2120 circumdatum
668 2097 776 2120 fossato
796 2098 824 2120 et
843 2097 957 2128 sepibus
977 2104 1038 2120 eum
1059 2097 1198 2125 belsredo,
1217 2097 1343 2121 consilio
1364 2097 1520 2124 consulum,
1541 2096 1569 2119 in
1591 2104 1621 2120 ea
1636 2098 1720 2124 terra,
1734 2104 1786 2127 que
1800 2096 1942 2127 pertineat

100 2142 134 2166 ad
154 2142 296 2174 predictas
315 2142 448 2165 dominas
468 2142 530 2165 sine
544 2141 604 2171 lite,
619 2141 668 2165 ubi
687 2143 714 2165 et
728 2141 873 2172 quomodo
887 2142 1109 2172 designaverunt
1129 2141 1300 2165 Wielminus
1313 2142 1340 2165 et
1355 2141 1507 2173 Malpellus
1528 2141 1668 2169 consules,
1688 2142 1715 2164 et
1729 2141 1796 2165 illos
1810 2141 1941 2164 homines

99 2187 216 2210 mittant
235 2186 271 2210 ad
290 2187 342 2210 hoc
363 2193 435 2218 opus
456 2186 625 2215 faciendum,
646 2186 800 2210 seeundum
814 2187 889 2217 quod
904 2186 1045 2218 placuerit
1059 2185 1213 2211 &Vielmino
1233 2188 1261 2210 et
1279 2186 1426 2218 Malpello.
1465 2187 1498 2209 Et
1518 2187 1647 2217 precipio
1668 2186 1796 2214 Alberto,
1817 2187 1848 2209 ut
1862 2186 1942 2209 nullo

99 2230 194 2262 modo,
216 2238 266 2255 nec
285 2238 334 2262 per
353 2238 388 2259 se,
411 2237 460 2254 nec
480 2237 530 2263 per
549 2231 630 2259 alios,
651 2239 700 2254 nec
721 2231 793 2255 illud
813 2238 883 2263 opus
904 2231 1052 2262 impediat.
1089 2231 1124 2255 Et
1143 2232 1207 2255 dico
1228 2232 1301 2262 quod
1322 2232 1414 2254 totum
1441 2230 1524 2260 illud,
1544 2230 1620 2261 quod
1646 2230 1729 2254 habet
1752 2231 1887 2254 Albertus
1914 2232 1941 2253 in

99 2274 231 2305 Credula,
250 2275 326 2306 quod
346 2274 489 2306 obligavit
509 2282 561 2306 pro
581 2276 746 2307 quingentis
766 2275 848 2299 libris
867 2275 996 2308 predicto
1018 2276 1190 2304 Lanstanco,
1210 2283 1261 2308 pro
1281 2275 1434 2307 sepedictis
1454 2275 1622 2298 dominabus
1642 2276 1669 2298 et
1689 2276 1760 2298 viris
1781 2275 1942 2307 accipienti,

100 2320 138 2344 sit
163 2319 269 2344 eisdem
294 2319 464 2351 obligatum,
490 2320 512 2342 si
539 2319 697 2351 predictum
724 2327 804 2351 opus,
826 2322 856 2343 ut
884 2319 991 2343 dictum
1011 2322 1061 2349 est,
1081 2320 1253 2351 impedierit,
1273 2320 1400 2351 exceptis
1425 2320 1498 2343 turri
1520 2321 1547 2343 et
1569 2320 1663 2347 domo,
1683 2320 1716 2343 ad
1737 2327 1799 2343 eum
1820 2320 1942 2349 modum,

99 2364 147 2396 qui
166 2366 292 2388 statutus
311 2366 363 2389 est.
400 2363 435 2387 Et
455 2363 559 2387 eisdem
580 2364 696 2388 traditis
716 2365 856 2396 precipio,
876 2365 950 2395 quod
971 2365 1086 2388 domina
1108 2364 1276 2388 Bertholina
1302 2366 1328 2388 et
1349 2364 1407 2388 filie
1432 2365 1460 2387 et
1487 2364 1610 2387 Marcius
1635 2366 1662 2387 et
1688 2371 1760 2388 uxor
1786 2365 1846 2388 eius
1867 2364 1943 2388 infra

101 2408 263 2440 quindecim
283 2409 342 2432 (lies
363 2408 509 2432 destruant
530 2408 610 2432 illam
631 2409 834 2433 municionem.
874 2407 959 2436 Quod
980 2410 1004 2433 si
1026 2417 1082 2433 non
1104 2409 1333 2440 adimpleverint,
1354 2410 1418 2432 dico
1439 2409 1515 2440 quod
1537 2409 1608 2433 illud
1630 2410 1732 2436 totum,
1752 2410 1825 2440 quod
1849 2410 1942 2440 acqui-

101 2454 172 2477 sivit
191 2453 323 2477 dominus
343 2453 512 2477 Albertinus
526 2460 574 2485 per
588 2453 729 2477 cambium
750 2454 780 2477 in
795 2453 974 2487 Capitesilve
995 2455 1028 2478 ab
1043 2455 1141 2478 abbate
1162 2454 1302 2482 Carraric,
1322 2456 1439 2486 excepta
1460 2455 1531 2477 turri
1552 2455 1580 2477 et
1599 2454 1683 2477 domo
1704 2453 1737 2477 de
1757 2453 1942 2485 CapItesilve,

100 2500 132 2522 ut
152 2499 208 2522 duo
229 2499 318 2522 mansi
341 2499 369 2521 in
390 2496 480 2522 Ponte
501 2497 611 2526 Casale,
631 2505 684 2529 que
709 2498 913 2530 obligaverunt
933 2499 1050 2523 domina
1071 2499 1240 2523 Bartholina
1260 2506 1311 2530 pro
1332 2506 1359 2522 se
1378 2500 1405 2521 et
1426 2500 1548 2529 quatuor
1568 2497 1680 2522 filiabus
1700 2500 1727 2522 et
1747 2498 1897 2522 Iacobinus
1916 2501 1943 2522 et

102 2542 225 2566 Marcius
244 2550 295 2574 pro
314 2550 341 2566 se
361 2544 389 2566 et
409 2542 548 2566 uxoribus
567 2543 623 2566 suis
644 2542 788 2571 Villitelo‚
809 2544 989 2576 procuratori
1011 2543 1134 2571 Alberti,
1155 2551 1206 2576 pro
1225 2543 1324 2567 eodem
1345 2543 1510 2573 accipienti,
1531 2543 1590 2566 sint
1609 2542 1732 2574 obligati
1752 2542 1880 2573 Alhcrto,
1901 2543 1941 2566 ita

101 2587 175 2618 quod
196 2587 373 2611 intromittat
393 2589 420 2611 et
440 2589 544 2615 teneat,
566 2587 655 2610 donec
679 2588 799 2618 predicti
823 2587 963 2612 solverint
989 2588 1080 2612 eidem
1106 2588 1226 2611 Alberto
1247 2588 1325 2611 mille
1351 2588 1446 2611 libras.
1485 2587 1558 2611 Dico
1585 2588 1682 2617 eciam,
1704 2589 1734 2611 ut
1757 2587 1943 2615 fideiussores,

101 2639 171 2663 quos
191 2631 328 2655 dederunt
349 2632 464 2656 domina
483 2632 654 2655 Bartholina
674 2639 726 2664 pro
746 2639 774 2655 se
793 2634 820 2656 et
839 2634 961 2664 quatuor
980 2632 1092 2656 filiabus
1111 2634 1137 2656 et
1160 2632 1308 2656 lacobinus
1327 2639 1378 2663 pro
1399 2639 1426 2655 se
1446 2633 1474 2655 et
1494 2631 1618 2655 Marcius
1639 2639 1690 2663 pro
1711 2640 1738 2655 se
1757 2634 1785 2656 et
1805 2633 1942 2656 uxoribus

100 2677 157 2701 suis
178 2676 227 2700 sub
248 2683 319 2707 pena
339 2677 558 2708 quingentarum
579 2676 716 2700 librarum
736 2676 848 2709 prefato
869 2678 1047 2708 procuratori
1063 2684 1114 2709 pro
1128 2677 1248 2700 Alberto
1262 2677 1295 2700 de
1310 2676 1404 2700 Baone
1419 2676 1586 2709 accipienti,
1600 2677 1659 2700 sint
1673 2676 1797 2707 obligati
1810 2676 1941 2705 Alberto,

99 2721 124 2744 si
145 2728 201 2744 non
223 2721 310 2745 fuerit
331 2720 526 2752 adimpletum,
548 2721 623 2752 quod
643 2721 749 2745 dictum
770 2726 820 2745 est.
858 2721 931 2746 Dico
950 2722 1038 2746 eciam
1059 2721 1141 2751 illud,
1162 2721 1235 2752 quod
1250 2721 1334 2745 habet
1349 2721 1466 2745 domina
1481 2720 1649 2745 Bertholina
1665 2721 1694 2744 ln
1709 2720 1942 2752 Rugnonc,quod

188 2822 194 2837 ¹
216 2823 386 2848 Pubblicato
406 2823 453 2847 dal
475 2823 597 2852 GLOR1A‚
620 2824 682 2848 Cod.
703 2824 772 2854 dipl.
789 2825 854 2854 pad.
873 2825 932 2855 cit.r
957 2823 992 2853 II,

99 2872 125 2896 p.
145 2864 195 2896 469
215 2873 265 2897 sg.,
285 2872 311 2890 n.
335 2864 415 2897 1463;
435 2866 564 2896 Cuomo,
584 2867 692 2894 AIbero,
718 2873 781 2898 pag.
807 2873 840 2898 23
867 2874 907 2897 sg.
945 2865 992 2890 Cf.

99 2913 167 2938 pure
186 2907 269 2930 l’atto
288 2907 316 2930 di
337 2907 483 2931 divisione
501 2909 629 2939 eseguito
649 2908 684 2931 da
704 2908 840 2932 Tisolino
861 2909 895 2932 da
909 2907 991 2932 Cam-

100 2950 280 2980 posampiero
302 2949 344 2973 fra
362 2949 405 2981 gli
425 2950 501 2973 eredl
524 2949 554 2973 di
581 2950 735 2974 Albertino
762 2950 790 2974 di
817 2950 919 2978 Baone,
946 2951 989 2973 del

1048 2830 1079 2855 ²3
1102 2824 1215 2855 maggio
1241 2822 1304 2854 1183
1327 2822 1466 2853 (GnomA,
1487 2823 1549 2846 Cod.
1573 2823 1638 2853 dipl.
1657 2823 1729 2852 pati..
1748 2822 1782 2851 11,
1802 2822 1854 2854 478
1874 2831 1942 2855 sgg.‚
1971 2832 1983 2855 5

1048 2874 1074 2890 n.
1097 2864 1186 2896 1480),
1206 2873 1219 2889 a
1240 2866 1354 2896 seguito
1381 2865 1456 2888 della
1481 2865 1610 2897 predetta
1637 2866 1770 2888 sentenza
1797 2865 1942 2895 arbitrale,

1045 2908 1141 2939 giusta
1162 2908 1182 2931 il
1202 2909 1376 2931 testamento
1396 2909 1514 2939 paterno
1530 2907 1572 2930 del
1592 2906 1776 2938 1180(ARCH.
1792 2905 1874 2937 Cium,
1888 2907 1942 2930 ΡΑ-

1047 2955 1134 2977 ῐ)ονΔ,
1161 2950 1331 2977 Testamenti,
1352 2950 1384 2973 Τ.
1405 2949 1425 2979 1,
1446 2957 1472 2972 n.
1492 2948 1527 2980 4).
