2346 3597
492 193 665 229 GESTA
694 193 994 229 MAGNIFICA
1026 193 1212 229 DOMUS
1243 193 1633 229 CARRARIENSIS

467 327 606 358 REDAZ.
630 325 662 358 A

142 399 275 431 Padum
299 409 368 430 non
392 399 568 431 modicum
591 398 718 429 infesta
743 403 851 429 erant.
896 398 984 430 Nam

141 452 263 484 seralei
287 452 393 494 ipsius
416 461 496 492 pars
523 452 671 494 quedam
704 457 790 488 erat,
822 451 884 483 sed
916 452 987 483 for-

141 506 282 545 tissima,
305 517 371 548 que
396 506 540 537 custode
565 504 658 537 nullo
682 504 894 537 servabatur.
927 505 987 536 Di-

140 561 253 593 scedit
276 570 359 602 ergo
383 560 574 601 imperator
597 559 640 590 de
663 559 793 596 castris,
811 559 986 600 premissis

141 612 342 644 marchione
377 617 512 642 estense
548 615 583 641 et
614 610 799 652 capitaneo
831 610 984 652 gentium

139 664 322 708 magnifici
357 663 488 696 domini
527 663 707 695 Francisci
742 663 786 694 de
826 663 986 695 Carraria

140 729 219 750 cum
234 717 394 761 gentibus
410 718 493 755 suis,
510 717 554 749 de
571 717 716 749 transitu
734 727 795 758 per
813 717 985 759 quendam

139 772 224 803 inde
247 771 400 803 villicum
423 771 619 803 informatis
644 771 757 813 deque
775 771 883 812 prede
902 770 987 801 mul—

139 824 298 856 titudine.
327 822 462 861 Quibus
476 825 520 856 ad
533 824 697 856 transitus
713 825 827 856 locum
840 833 987 865 perven-

140 879 182 910 tis
205 879 399 916 tentaturis‚
416 878 442 909 si
460 878 584 910 modus
602 878 694 909 foret
712 887 884 914 accessus,
908 887 985 908 nam

139 933 290 974 quedam
313 931 361 963 ibi
385 931 484 973 palus
507 937 582 963 erat
603 931 779 972 profunda
802 930 906 962 valde
938 930 988 961 lo—

140 996 268 1028 cusque
300 986 389 1017 adeo
420 984 636 1021 immeabilis,
668 983 762 1026 quod
798 983 908 1014 nullus
940 983 987 1015 ibi

140 1039 185 1071 ad
208 1038 456 1081 refragandum
482 1044 597 1069 custos
621 1043 707 1077 erat,
735 1037 793 1068 ubi
827 1036 988 1068 dubitan-

138 1091 229 1124 tibus
252 1091 386 1123 cunctis
413 1091 457 1121 de
481 1089 626 1121 transitu
642 1089 695 1119 vir
710 1089 835 1120 nobilis
858 1089 988 1130 padua·-

138 1156 202 1178 nus
225 1146 455 1188 armigerque,
480 1142 709 1186 Boncanellus
733 1143 777 1174 de
802 1142 986 1185 Vigoncia,

139 1205 175 1231 et
196 1199 233 1230 in
257 1198 379 1231 castris
402 1196 583 1239 magnifici
600 1195 734 1227 domini
750 1195 927 1227 Francisci
945 1196 987 1227 de

139 1252 303 1286 Carraria
340 1261 423 1293 sepe
462 1249 561 1281 ducis
596 1248 707 1280 locum
743 1254 877 1289 tenens,
901 1260 988 1280 unus

140 1306 286 1338 audacia
307 1303 455 1336 mirabili
480 1313 580 1334 ausus
604 1303 767 1344 paludem
795 1303 944 1345 ingredi,
968 1313 988 1333 a

139 1359 266 1392 ceteris
290 1357 521 1394 formidatam,
535 1366 612 1387 cum
637 1366 762 1398 magno
788 1356 908 1388 labore
931 1366 988 1398 pe-

139 1413 320 1454 riculoque
358 1411 500 1442 tandem
523 1409 615 1441 ultra
638 1410 809 1451 pervenit.
852 1410 988 1441 Deinde

139 1465 364 1508 superpositis
388 1463 542 1495 cratibus
566 1472 665 1502 ceno,
691 1463 785 1494 facta
803 1464 917 1495 multis
937 1469 988 1495 est

139 1518 318 1561 armigeris
340 1518 406 1554 via,
431 1516 556 1559 quibus
582 1516 679 1547 illico
702 1516 913 1548 irruentibus
944 1516 988 1548 ad

138 1583 272 1604 murum
298 1572 400 1602 fovee
424 1570 605 1612 ipsumque
619 1570 864 1608 sternentibus,
880 1570 990 1612 impe-

139 1625 216 1657 riali
232 1624 360 1657 milicie
377 1624 493 1655 factus
509 1629 562 1654 est
579 1622 703 1654 aditus.
736 1623 779 1655 Et
796 1625 894 1655 fuere
912 1635 990 1666 pre-

141 1679 236 1711 dicta
271 1678 419 1721 quadam
455 1677 512 1708 die
548 1675 724 1708 dominica
760 1686 864 1715 xvm,
901 1678 989 1709 sexti

141 1732 278 1764 mensis.
313 1731 431 1768 Unde,
455 1729 654 1772 priusquam
681 1728 910 1768 discederent,
927 1741 990 1772 per

142 1790 290 1816 tractum
313 1793 384 1815 non
411 1783 585 1815 modicum
617 1793 751 1814 murum
784 1789 818 1815 et
850 1785 988 1816 foveam

142 1847 313 1881 equavere
326 1837 410 1874 solo,
421 1837 574 1879 indeque
589 1846 631 1868 ex
644 1847 734 1869 novo
751 1838 889 1869 fortune
907 1848 989 1870 casu

142 1890 258 1923 habita
281 1896 375 1922 terra
399 1890 514 1922 Gerbe
531 1896 593 1928 est,
607 1901 672 1933 que
689 1892 723 1922 in
741 1892 880 1923 modum
898 1892 990 1922 arcis

142 1955 245 1987 supra
260 1944 398 1975 foveam
415 1950 615 1976 constructa
631 1951 716 1976 erat.
761 1945 850 1977 Nam
869 1951 990 1987 captus

143 1999 209 2030 fuit
233 1997 374 2040 quidam
404 1997 611 2040 publicanus
643 1998 814 2030 datiorum
839 1999 990 2037 Verone,

143 2051 202 2094 qui
225 2051 331 2083 turris
354 2051 488 2094 signum
513 2051 674 2091 habebat,
690 2052 725 2083 in
750 2063 818 2094 qua
841 2052 992 2084 colloca-

144 2105 202 2137 bat
219 2115 286 2147 que
303 2104 348 2136 ab
364 2104 445 2136 inde
462 2115 526 2146 pro
543 2105 654 2136 daciis
671 2105 845 2148 exigebat.
879 2106 923 2137 Et
938 2106 990 2137 sic

144 2169 187 2190 ex
209 2157 387 2200 publicani
409 2158 516 2199 ipsius
539 2168 689 2200 persona
712 2158 814 2190 turris
836 2159 992 2191 restituta

144 2217 205 2250 est,
228 2212 348 2253 sicque
372 2210 602 2253 subingressis
631 2212 791 2254 gentibus
821 2213 992 2244 seraleum

145 2265 373 2297 intendebant
396 2274 515 2296 omnes
538 2265 583 2296 ad
611 2265 766 2306 predam,
792 2276 859 2308 que
887 2267 992 2299 multa

146 2325 182 2350 et
197 2317 411 2360 permaxima
434 2318 512 2350 fuit.
549 2318 651 2350 Tunc
674 2318 722 2350 ibi
747 2320 994 2352 concursiones

146 2372 300 2416 gentium
332 2371 412 2403 dela
440 2371 545 2403 Scala
576 2377 611 2403 et
641 2371 882 2415 Anglicorum,
906 2385 993 2416 quos

147 2425 308 2456 dominus
330 2424 509 2456 Bernabos
540 2424 621 2456 illuc
653 2426 793 2458 miserat
823 2426 858 2457 in
885 2427 992 2460 subsi-

147 2478 254 2515 dium,
277 2488 355 2509 cum
371 2477 534 2520 gentibus
557 2478 778 2519 imperatoris
795 2480 888 2512 facte
904 2488 993 2519 sunt,

147 2532 183 2563 in
209 2530 332 2574 quibus
355 2530 453 2562 miles
477 2531 616 2573 quidam
635 2531 765 2563 domini
782 2533 861 2565 dela
878 2533 993 2576 Scala,

148 2584 286 2617 nomine
310 2585 446 2623 Raven,
471 2584 635 2616 occubuit
650 2584 770 2618 lancee
787 2586 867 2619 ictu.
903 2588 994 2620 Dum

148 2645 262 2671 autem
287 2638 446 2679 predicta
469 2638 519 2669 sic
536 2643 724 2680 agerentur
747 2639 782 2670 in
799 2649 994 2671 veronense

147 2692 235 2730 solo,
260 2697 294 2722 et
318 2691 382 2733 ipsi
405 2692 608 2733 imperatori
633 2697 750 2724 notum
776 2698 867 2724 esset
897 2691 994 2735 loqui

149 2756 226 2777 cum
249 2745 443 2787 magnifico
467 2745 607 2778 domino
630 2747 658 2778 F
661 2746 817 2778 rancisco
841 2747 885 2778 de
911 2747 996 2779 Car-

148 2800 250 2837 raria,
273 2799 323 2831 uti
347 2799 379 2830 ei
402 2798 593 2841 significari
617 2799 751 2830 fecerat
773 2809 836 2840 per
864 2800 995 2840 capita-

149 2863 252 2884 neum
275 2852 429 2895 gentium
452 2862 599 2889 suarum,
615 2852 691 2893 ipse
709 2853 868 2883 dominus
889 2853 995 2885 Fran-

151 2905 271 2947 ciscus,
285 2906 344 2948 qui
368 2906 436 2937 iam
460 2911 540 2937 ante
565 2905 788 2947 imperatorio
804 2905 898 2937 iussu
914 2915 997 2937 con-

150 2959 234 2991 strui
247 2959 380 2991 fecerat
397 2964 517 3002 pontes
534 2963 568 2990 et
585 2959 652 2991 alia
670 2958 753 2991 belli
769 2960 996 2991 instrumenta

1055 827 1091 856 10

1056 1091 1091 1123 15

1054 1359 1094 1390 20

1054 1894 1095 1926 30

1057 2160 1096 2191 35

1058 2429 1099 2459 40

1060 2694 1099 2725 45

1061 2958 1101 2991 50

1470 327 1611 358 ΚΕΒΑΖ.
1637 328 1667 357 I)

1147 399 1250 439 fame,
1276 399 1340 430 che
1366 398 1434 429 ello
1450 397 1594 429 dovesse
1614 399 1808 431 desmontar
1832 401 1866 432 in
1892 401 1923 432 10
1940 411 1992 432 se-

1147 452 1220 485 1310
1245 453 1288 484 de
1313 451 1465 490 Verona,
1489 451 1660 493 percoche
1685 452 1696 481 i
1721 452 1823 483 navili
1854 453 1895 484 de
1921 464 1989 484 me-

1148 507 1216 538 sier
1240 505 1412 543 Bemabb,
1437 505 1446 535 i
1464 504 1554 546 quali
1572 514 1633 545 per
1652 504 1683 534 la
1700 505 1796 535 ruina
1815 506 1870 536 (161
1887 512 1991 546 ponte

1148 561 1191 592 de
1210 559 1418 601 Burgoforte
1445 568 1504 589 era
1520 557 1626 600 vignu
1652 557 1690 598 ςὸ
1716 567 1776 598 per
1800 557 1849 589 Po
1875 564 1908 589 et
1934 570 1993 589 era

1147 612 1270 644 deffesi
1296 617 1392 643 socto
1417 611 1531 642 imuri
1555 609 1611 641 del
1638 610 1780 641 castello
1805 611 1848 642 de
1863 611 1993 649 Hostia,

1148 666 1253 697 dasea
1276 671 1376 705 tropo
1401 675 1485 706 gran
1510 664 1589 695 noia
1613 674 1632 694 a
1657 663 1764 705 quini,
1789 665 1854 695 che
1879 664 1993 706 vignia

1148 729 1211 760 per
1227 719 1277 750 Po
1291 728 1356 750 con
1372 717 1549 757 victoarie‚
1567 717 1695 757 perche
1714 716 1797 747 l'era
1814 728 1879 747 una
1897 723 1993 758 parte

1112 773 1114 776 ’
1149 773 1204 804 (161
1229 772 1324 803 dicto
1349 771 1461 802 seraio
1485 771 1528 801 de
1553 770 1704 805 Verona,
1729 771 1760 801 13
1778 771 1855 812 qual
1874 781 1918 801 no
1936 781 1993 801 era

1148 825 1325 867 guardada
1362 825 1406 855 da
1442 834 1589 865 persona
1623 823 1760 865 alguna,
1796 823 1931 855 benche
1963 825 1994 855 la

1150 879 1240 910 fosse.
1258 878 1363 909 molto
1382 878 1483 909 forte.
1515 876 1666 908 Partisse
1684 877 1793 908 allora
1811 877 1853 907 de
1871 887 1994 917 campo

1148 932 1179 963 el
1206 932 1301 963 dicto
1327 929 1707 972 imperador,mandadi
1726 930 1840 972 111311ςί
1858 930 1887 960 61
1906 941 1994 961 mar-

1150 985 1252 1016 chese
1276 983 1405 1016 Nicolo
1431 995 1448 1015 e
1467 983 1488 1013 ’l
1506 983 1678 1024 capitauio
1695 983 1787 1014 delle
1812 989 1914 1025 gente
1939 983 1995 1015 del

1149 1038 1331 1081 magnifico
1355 1037 1470 1079 signor
1487 1036 1610 1068 mesier
1630 1036 1825 1068 Francesco
1850 1037 1894 1067 da
1911 1037 1995 1069 Car-

1149 1102 1236 1127 rara,
1259 1091 1446 1122 informadi
1472 1090 1528 1121 del
1553 1100 1653 1131 passo
1678 1101 1740 1131 per
1764 1101 1807 1120 un
1829 1090 1934 1121 villan
1952 1091 1994 1121 de

1151 1145 1181 1176 la
1214 1150 1249 1176 et
1280 1144 1373 1175 della
1405 1144 1624 1175 moltitudine
1656 1143 1749 1175 della
1780 1144 1898 1184 preda.
1946 1143 1995 1174 Le

1150 1198 1230 1240 qual
1255 1204 1357 1240 gente
1384 1198 1534 1239 vignude
1560 1197 1591 1227 al
1616 1197 1719 1239 luogo
1744 1197 1801 1228 del
1818 1207 1917 1238 passo
1935 1208 1996 1238 per

1150 1252 1295 1283 cerchar
1320 1262 1356 1281 se
1383 1250 1403 1280 ’l
1435 1260 1518 1293 gera
1541 1251 1644 1282 modo
1669 1250 1771 1293 algun
1798 1250 1841 1281 de
1866 1261 1996 1292 passm,

1150 1304 1280 1346 perche
1305 1304 1335 1334 el
1360 1305 1369 1334 i
1394 1314 1452 1335 era
1466 1314 1534 1334 una
1550 1304 1726 1344 profunda
1743 1304 1825 1345 palu
1842 1311 1876 1335 et
1892 1305 1995 1345 luogo

1150 1359 1178 1390 si
1201 1359 1320 1401 grieve
1345 1369 1364 1389 a
1389 1368 1518 1399 passar,
1544 1357 1607 1388 che
1634 1357 1691 1387 elli
1716 1367 1760 1388 no
1786 1357 1882 1388 fase—a
1902 1357 1925 1387 11
1949 1357 1997 1388 31-

1150 1422 1242 1454 guna
1266 1411 1408 1453 guarda,
1433 1410 1535 1447 unde,
1552 1410 1743 1442 dubitando
1769 1409 1927 1453 ogn⁷om0
1952 1411 1995 1441 de

1150 1476 1278 1507 passm,
1294 1476 1340 1496 un
1364 1465 1479 1496 nobile
1504 1464 1633 1495 citadin
1658 1463 1701 1494 de
1718 1463 1810 1494 Pava
1837 1470 1871 1495 et
1894 1465 1996 1495 homo

1151 1519 1291 1557 d'arme,
1316 1517 1528 1560 Boncanello
1553 1517 1597 1549 da
1624 1517 1792 1559 Vigonca,
1816 1527 1833 1547 e
1859 1517 1890 1547 el
1917 1515 1996 1558 qual

1150 1573 1182 1603 in
1201 1573 1211 1603 i
1229 1573 1342 1613 campi
1360 1571 1416 1603 del
1434 1571 1527 1603 dicto
1544 1570 1727 1613 magnifico
1744 1570 1862 1611 signos
1879 1581 1997 1610 spesso

1152 1625 1307 1668 obtignia
1331 1635 1431 1656 nome
1465 1625 1508 1656 de
1533 1623 1718 1664 capitanio,
1751 1623 1824 1655 solo
1856 1633 1920 1654 con
1952 1633 1997 1654 un

1151 1679 1366 1711 meraveioso
1391 1679 1484 1709 ardir
1508 1689 1544 1709 se
1570 1688 1651 1719 pose
1676 1678 1713 1708 in
1737 1677 1769 1708 lo
1787 1678 1881 1709 dicto
1906 1677 1997 1718 palu,

1152 1732 1216 1764 0116
1240 1732 1318 1764 tutti
1342 1732 1351 1762 i
1368 1731 1447 1763 altri
1464 1737 1596 1769 temea3
1614 1737 1657 1768 et,
1675 1730 1811 1762 benche
1829 1741 1894 1761 con
1911 1741 1996 1773 gran

1151 1785 1272 1829 fadiga
1290 1791 1324 1816 et
1341 1785 1508 1827 perigolo,
1524 1796 1588 1826 pur
1605 1785 1637 1816 el
1654 1785 1754 1826 passo
1771 1785 1868 1816 oltra.
1900 1785 1996 1815 Μ60-

1150 1839 1235 1872 1ud0
1260 1839 1327 1879 pub
1349 1838 1382 1869 di
1399 1838 1507 1881 graici
1533 1848 1632 1869 sovra
1650 1838 1681 1868 el
1706 1838 1825 1880 sango,
1842 1838 1878 1870 fo
1903 1838 1996 1869 facta

1150 1897 1184 1928 la
1208 1893 1261 1923 via
1283 1903 1303 1923 a
1328 1892 1424 1923 molti
1450 1892 1579 1923 homini
1604 1892 1744 1929 d'arme,
1769 1892 1778 1922 i
1804 1891 1894 1933 quali
1922 1901 1995 1922 cor-

1152 1946 1261 1977 rando
1286 1945 1398 1976 subito
1424 1945 1453 1976 al
1472 1955 1567 1976 muro
1585 1945 1677 1976 della
1695 1945 1786 1976 fossa
1803 1951 1835 1976 et
1853 1945 1996 1987 gitando

1152 2000 1233 2042 quel
1258 2009 1350 2042 coso,
1374 1999 1411 2029 fo
1436 1999 1530 2030 facto
1556 1998 1587 2029 el
1613 1997 1763 2030 sentiero
1797 1999 1864 2030 alla
1895 2005 1998 2040 gente

1153 2053 1196 2083 de
1222 2051 1241 2081 l'
1268 2051 1474 2092 imperador.
1522 2050 1566 2080 Et
1599 2050 1634 2081 fo
1665 2051 1698 2082 16
1729 2051 1887 2092 predicte
1919 2061 1999 2083 cose

1152 2116 1219 2136 una
1249 2105 1443 2145 domenega
1474 2104 1638 2134 deseocto
1671 2104 1839 2146 d'agosto.
1886 2104 2000 2141 Unde,

1154 2157 1255 2201 1131101
1281 2157 1345 2188 0116
1371 2157 1427 2188 6111
1452 2167 1487 2188 se
1512 2157 1669 2198 pauisse,
1695 2167 1757 2198 per
1781 2168 1866 2199 gran
1891 2163 1999 2189 tracto

1157 2211 1212 2242 elli
1225 2210 1351 2251 uguaio
1369 2210 1398 2240 el
1419 2221 1514 2241 muro
1532 2217 1565 2241 et
1583 2211 1614 2241 la
1632 2211 1723 2242 fossa
1741 2221 1759 2242 a
1774 2217 1876 2242 terra.
1916 2211 1959 2242 Et
1976 2210 2000 2241 11

1156 2275 1217 2305 per
1241 2274 1329 2295 novo
1353 2273 1432 2294 caso
1457 2274 1492 2294 se
1521 2264 1607 2294 have
1632 2263 1663 2295 la
1689 2270 1780 2296 terra
1805 2266 1848 2296 de
1874 2265 1999 2302 Gerba,

1156 2318 1189 2349 la
1213 2317 1293 2359 qual
1317 2317 1349 2348 in
1375 2318 1477 2348 modo
1502 2317 1545 2348 de
1570 2328 1637 2348 una
1672 2318 1780 2350 rocha
1810 2330 1868 2350 era
1903 2318 1998 2351 facta

1155 2371 1242 2402 sulla
1266 2372 1369 2408 fossa,
1393 2371 1459 2402 che
1484 2370 1514 2401 el
1540 2370 1576 2401 fo
1600 2381 1702 2411 preso
1718 2381 1764 2402 un
1789 2373 1998 2403 comandaor

1157 2425 1191 2457 di
1216 2424 1344 2455 daciari
1364 2423 1406 2454 de
1433 2423 1585 2461 Verona,
1609 2425 1641 2455 el
1665 2424 1745 2466 qual
1770 2425 1879 2456 havea
1897 2425 1929 2456 el
1947 2435 1998 2457 se-

1156 2488 1224 2521 gno
1249 2477 1341 2509 della
1365 2482 1468 2513 torre,
1500 2477 1532 2507 in
1565 2476 1596 2507 la
1632 2478 1712 2519 qual
1742 2478 1809 2510 ello
1840 2478 1998 2521 allogava

1156 2532 1285 2573 quello,
1309 2530 1373 2562 che
1398 2530 1466 2561 ello
1491 2530 1643 2562 scodeva
1674 2542 1736 2573 per
1760 2532 1770 2562 i
1802 2531 1933 2563 daciari
1964 2532 1997 2563 in

1156 2583 1261 2626 quelli
1279 2583 1384 2624 luogi.
1417 2582 1460 2614 Et
1477 2582 1548 2614 cosi
1564 2593 1629 2624 per
1643 2584 1675 2615 la
1692 2595 1842 2626 persona
1859 2585 1901 2616 de
1919 2585 1998 2627 quel

1157 2637 1368 2668 comandaor
1391 2635 1428 2667 fo
1452 2637 1611 2669 renduda
1634 2638 1667 2668 13
1692 2638 1786 2670 dicta
1809 2644 1911 2670 torre.
1944 2639 1998 2669 In-

1157 2690 1254 2722 trade
1268 2690 1429 2721 adoncha
1447 2689 1476 2721 le
1492 2695 1596 2732 gente
1613 2691 1669 2722 nel
1682 2691 1831 2732 s[er]aio,
1848 2692 1997 2734 caschu1³

1156 2744 1324 2776 intendea
1347 2743 1414 2775 alle
1437 2742 1588 2781 robarie‚
1611 2744 1643 2776 le
1669 2744 1749 2787 qual
1774 2745 1810 2776 fo
1834 2744 1938 2776 molte
1966 2751 1999 2776 et

1157 2796 1394 2840 grandissime.
1430 2797 1458 2827 Ε
1476 2796 1499 2828 11
1516 2797 1625 2828 allora
1641 2809 1676 2829 se
1695 2798 1791 2829 fasea
1808 2798 1838 2828 16
1857 2798 1999 2829 corririe

1158 2851 1249 2883 della
1273 2856 1376 2892 gente
1401 2850 1443 2881 de
1468 2851 1547 2892 quel
1573 2851 1664 2882 dalla
1688 2850 1791 2882 Scala
1808 2857 1842 2882 et
1858 2850 1913 2881 dei
1930 2851 2000 2881 En-

1157 2904 1277 2947 gelesi‚
1301 2904 1366 2934 che
1389 2904 1515 2935 mesier
1530 2902 1690 2935 Bernabb
1708 2903 1818 2933 havea
1834 2902 1960 2934 manda
1979 2902 2000 2932 li

1157 2957 1192 2988 in
1216 2968 1254 2988 so
1279 2956 1428 2989 subsidio
1453 2966 1517 2988 con
1538 2957 1569 2988 le
1587 2962 1690 2998 gente
1707 2956 1750 2988 de
1768 2957 1999 2998 l’imperador,
