2346 3597
712 147 885 182 GESTA
912 141 1218 182 MAGNIFICA
1246 147 1430 182 DOMUS
1462 147 1858 183 CARRARIENSIS

361 282 437 304 stens
458 281 486 303 in
508 279 606 303 officio
626 280 822 312 ultrascripto,
843 287 937 304 coram
958 280 1070 312 prefato
1092 280 1194 309 iudice,
1215 279 1394 312 presentibus
1415 279 1555 312 predictis
1574 281 1694 305 testibus
1722 281 1844 305 notariis
1865 282 1893 305 et
1916 281 2006 305 sociis
2031 282 2065 305 ad
2091 282 2199 306 dictum

365 326 472 348 discum
491 324 586 354 Porci,
608 324 678 348 dicti
699 325 803 348 iudicis
821 325 899 357 jussu
919 325 946 348 et
966 324 1147 353 auctoritate,
1168 326 1342 348 statutorum
1363 325 1522 349 communis
1541 325 1636 349 Padue
1656 325 1839 349 solemnitate
1859 327 1886 349 et
1907 326 1998 349 forma
2018 328 2137 355 servata,
2156 334 2200 350 sn-

364 369 522 400 pradictum
543 369 764 392 instrumentum
784 365 817 392 es
837 369 997 393 auttentico
1016 368 1179 400 supradicti
1201 369 1290 392 Marci
1310 369 1418 392 notarii
1438 369 1511 392 olim
1532 371 1661 402 magistri
1683 369 1812 393 Gislardi
1831 369 1954 394 fideliter
1976 371 2134 402 exemplavi
2163 372 2200 396 si-

362 420 474 445 gnoque
495 421 555 436 meo
576 413 664 437 sollto
685 414 830 441 roboravi,
850 414 891 437 nil
914 414 941 436 in
963 421 996 437 co
1016 413 1123 437 addens
1142 413 1187 436 vel
1208 414 1349 442 minuens,
1369 414 1443 444 quod
1464 415 1638 438 sentenciam
1652 416 1750 443 mutet,
1765 416 1894 438 currente
1912 421 1990 439 anno
2003 415 2124 439 Domini
2139 416 2200 439 mil-

361 459 461 482 lesimo
482 459 682 482 trecentesimo
703 458 938 490 quinquagesimo
958 457 1061 489 primo,
1082 457 1242 481 indictione
1256 459 1366 489 quarta,
1381 457 1426 482 die
1441 458 1540 482 martis
1554 458 1666 482 decimo
1682 460 1786 482 mensis
1801 459 1878 488 maii,
1894 459 2032 491 regimine
2045 459 2200 485 antedicto.
2232 458 2246 484 5

364 568 460 600 XVI.
489 586 530 591 —-
561 568 705 600 Domini
734 569 878 609 (Inzmnc,
908 569 1050 604 lacomo,
1076 568 1258 606 lacomino,

442 620 603 665 fradelli.

451 728 503 760 56.
527 729 606 770 [22].
633 747 671 752 -
698 729 857 761 Succede
882 730 952 761 fioli
977 740 996 760 a
1020 730 1145 761 mesier
1161 730 1258 762 Iaco-

362 782 434 813 min
457 783 502 813 da
525 782 684 814 Carrara.
730 783 781 813 De
806 783 919 824 questi
946 782 1086 815 fradelli
1109 784 1128 815 ὸ
1160 783 1257 816 ’[τονέι

364 845 407 868 ne
431 835 546 867 l'anno
571 836 628 867 del
654 834 783 877 Signor
813 835 906 866 mille
938 836 1083 868 dusento
1115 843 1258 869 sexanta

363 889 409 920 du
434 888 492 920 elli
515 889 621 921 haver
644 889 739 920 facta
762 899 829 919 una
844 889 1085 930 permutacion
1104 891 1147 922 de
1164 896 1260 922 certe

363 948 467 981 terre,
483 952 583 974 como
600 953 666 985 qua
682 943 779 984 giuso
796 942 856 983 [se]
873 941 990 984 legera
1006 954 1069 985 per
1087 943 1118 974 10
1135 943 1259 976 instru-

363 1001 480 1027 mento
504 1001 593 1028 sotto
624 996 754 1037 scripto
782 1006 848 1028 con
881 996 1003 1028 mesier
1034 997 1182 1040 Ugucon
1215 998 1260 1029 da

366 1048 512 1080 Carrara
527 1048 545 1081 ¹.

451 1687 503 1722 57.
531 1707 568 1711 —
594 1689 824 1722 Instrumento
848 1690 891 1722 de
922 1701 991 1722 una
1021 1691 1261 1732 permutacion

362 1743 457 1774 facta
471 1748 526 1773 tra
542 1742 677 1774 mesieri
694 1743 849 1787 Cuanne,
866 1745 1004 1777 Iacomo
1022 1751 1057 1777 et
1072 1745 1262 1783 Iacomino‚

363 1795 514 1833 fradelli,
545 1796 615 1827 fioli
644 1796 708 1828 che
733 1797 770 1829 fo
802 1798 846 1829 de
877 1799 1001 1831 mesier
1030 1798 1186 1831 Iacomin
1217 1799 1261 1830 da

363 1849 521 1886 Carrara‚
538 1847 567 1890 [*
577 1848 605 1890 *J
630 1850 674 1881 de
691 1850 938 1894 l'infrascripte
955 1857 1047 1883 terre
1072 1857 1106 1884 et
1128 1862 1262 1893 posses-

362 1902 436 1934 sion
450 1901 472 1934 ².

1313 568 1408 601 XVI.
1434 587 1473 591 —<
1500 569 1640 600 Domini
1670 569 1846 608 Iohannes,
1879 568 2017 601 lacobus
2048 572 2079 601 et
2110 570 2206 602 Iaco-

1401 620 1504 653 binus.

1400 726 1451 758 56.
1462 727 1541 768 [22].
1555 747 1595 752 —
1609 727 1689 759 Filii
1700 734 1942 759 successerunt
1954 728 2096 761 domino
2110 730 2207 761 Iaco-

1312 780 1393 812 bino
1411 781 1455 812 de
1472 780 1642 812 Carraria.
1675 779 1755 818 Quo
1771 786 1886 812 autem
1902 786 2059 823 tempore
2075 789 2209 814 rectum

1314 833 1396 865 mihi
1412 840 1547 875 tempus
1563 843 1633 865 non
1656 833 1774 872 instat,
1790 835 1853 867 sed
1876 841 2013 867 constat
2036 846 2102 867 eos>
2120 846 2210 869 anno

1313 887 1453 918 Domini
1469 887 1651 918 millesimo
1668 887 1906 919 ducentesimo
1928 889 2143 931 sexagesimo
2158 900 2211 922 se-

1313 940 1427 972 cundo
1466 950 1544 972 cum
1577 941 1717 972 domino
1748 941 1925 984 Ugutione
1965 943 2008 974 de
2047 943 2211 976 Carraria

1312 993 1497 1036 quamdam
1522 993 1649 1026 fecisse
1677 995 1976 1036 permutationem,
1992 1002 2030 1028 ut
2046 996 2102 1029 hic
2119 996 2211 1029 infra

1311 1048 1458 1089 legetur.
1504 1047 1643 1079 Domini
1667 1057 1815 1091 namque
1839 1048 1892 1080 isti
1915 1050 2152 1090 pulcherrima
2174 1051 2210 1082 in

1312 1101 1455 1133 civitate
1486 1101 1619 1143 palatia
1649 1101 1855 1139 habuerunt,
1890 1103 1947 1135 ubi
1980 1104 2025 1135 ad
2058 1103 2210 1136 alearum

1312 1154 1515 1187 exercitium
1538 1154 1649 1186 omnis
1681 1154 1806 1186 civium
1838 1155 1939 1187 turba
1963 1156 2211 1193 concurrebat3

1312 1219 1416 1251 opum
1439 1219 1578 1240 suarum
1603 1208 1724 1240 amicis
1746 1209 1903 1252 prodigi3
1921 1209 1967 1241 ad
1983 1209 2146 1241 evitanda
2162 1211 2211 1242 ci-

1310 1261 1426 1294 vitatis
1451 1261 1651 1295 discrimina
1676 1262 1763 1294 nihil
1787 1263 2028 1301 formidantes,
2053 1263 2211 1296 omnibus

1311 1325 1347 1348 se
1371 1316 1536 1358 periculis
1558 1316 1661 1358 primi
1685 1326 1721 1347 se
1745 1316 1968 1355 obiiciebant‚
1999 1317 2146 1359 aucupio
2178 1323 2213 1350 et

1312 1369 1554 1402 venationibus
1569 1371 1782 1412 permaxime
1799 1369 1975 1409 delectati,
1991 1371 2027 1403 in
2044 1372 2213 1404 conviviis

1312 1423 1436 1462 seduli,
1467 1423 1650 1454 maximum
1681 1423 1800 1465 populi
1824 1423 2020 1456 habuerunt
2043 1425 2210 1457 favorem.

1312 1475 1372 1508 Sic
1384 1481 1419 1507 et
1431 1477 1496 1517 ipsi
1513 1477 1714 1518 petentibus
1730 1477 1942 1510 favorabiles
1958 1479 2072 1517 fuere3
2089 1479 2210 1511 horum

1313 1529 1434 1561 domus
1457 1527 1607 1563 libenter
1628 1531 1753 1574 -vulgus
1783 1531 2041 1574 frequentabat,
2065 1543 2211 1575 quorum

1313 1583 1404 1615 nulla
1431 1584 1512 1616 data
1534 1584 1570 1616 in
1593 1585 1798 1617 necessitate
1823 1585 1962 1627 repulsa
1986 1593 2049 1619 est.

1402 1690 1454 1724 57.
1481 1709 1519 1715 —
1543 1691 1807 1725 Instrumentum
1836 1693 2014 1724 cuiusdam
2037 1698 2212 1735 permuta-

1312 1745 1419 1778 tionis
1441 1745 1534 1778 facte
1549 1745 1639 1778 inter
1656 1746 1814 1778 dominos
1830 1746 2031 1785 Iohannem,
2047 1746 2211 1780 Iacobum

1315 1805 1351 1831 et
1367 1798 1570 1830 Iacobinum
1593 1799 1731 1838 fratres,
1754 1800 1930 1842 quondam
1957 1801 2089 1833 domini
2112 1801 2211 1833 Iaco-

1316 1853 1387 1884 bini
1412 1852 1457 1884 de
1480 1851 1652 1892 Carraria,
1676 1858 1711 1884 et
1735 1853 1910 1885 dominum
1932 1853 2143 1896 Ugutionem
2167 1855 2211 1886 de

1315 1906 1475 1938 Carraria
1499 1906 1542 1937 de
1566 1906 1794 1948 infrascriptis
1821 1907 1934 1938 terris.

449 2012 537 2036 Anno
559 2012 679 2036 Domini
706 2013 861 2037 millesimo
887 2014 1082 2039 ducentesimo
1108 2015 1284 2046 sexagesimo
1309 2014 1441 2043 secundo,
1467 2015 1616 2038 indicione
1642 2015 1753 2046 quinta,
1778 2015 1826 2038 die
1851 2015 2059 2040 terciodecimo
2086 2019 2208 2042 exeunte

362 2057 488 2085 octubre,
509 2057 687 2089 presentibus
706 2058 763 2082 hiis
784 2059 914 2090 testibus¹
935 2059 1030 2083 silicet
1050 2060 1207 2091 presbitero
1227 2059 1355 2089 Micaele,
1369 2059 1476 2087 Brisco,
1490 2059 1552 2083 filio
1567 2059 1710 2090 quondam
1726 2060 1838 2083 domini
1854 2059 1994 2089 Tomasii,
2009 2062 2036 2084 et
2050 2059 2207 2093 Ugucione,

363 2102 424 2125 filio
451 2102 595 2133 quondam
620 2101 708 2133 Petri,
733 2104 761 2126 et
786 2103 862 2127 aliis.
900 2103 1049 2135 Iohannes,
1073 2103 1193 2128 Iacobus
1218 2106 1245 2128 et
1274 2104 1434 2134 Iacobinus,
1464 2104 1575 2132 fratres,
1603 2104 1658 2128 filii
1683 2105 1826 2135 quondam
1850 2103 1982 2128 Iacobini
2004 2104 2037 2128 de
2063 2104 2207 2135 Carraria,

364 2146 480 2170 nomine
498 2147 526 2170 et
544 2146 632 2171 titulo
653 2149 877 2178 permutacionis
895 2149 923 2172 et
943 2149 1003 2172 iure
1023 2148 1099 2172 feudi
1121 2149 1182 2172 sine
1201 2148 1339 2172 fidelitate
1358 2150 1386 2172 et
1404 2149 1571 2172 homnatico
1591 2151 1619 2172 et
1640 2149 1721 2173 nulla
1741 2149 1923 2177 condicione,
1949 2150 2097 2178 dederunt,
2120 2157 2207 2175 cesse-

365 2193 431 2215 runt
450 2193 477 2214 et
496 2191 677 2215 tradiderunt
697 2192 813 2216 domino
833 2193 986 2225 Ugucioni‚
1006 2193 1068 2217 filio
1087 2201 1113 2224 q,
1134 2193 1159 2217 d.
1177 2193 1273 2218 Iacobi
1293 2194 1326 2217 de
1346 2192 1488 2223 Carraria,
1508 2193 1564 2217 duo
1585 2194 1725 2218 sedimina
1740 2201 1801 2217 cum
1817 2193 1938 2218 edificiis
1950 2195 2076 2227 jacentia
2090 2195 2120 2219 in
2134 2195 2207 2219 villa

363 2235 491 2267 predicta
511 2237 583 2267 apud
603 2236 727 2268 plateam
745 2239 841 2266 castri,
861 2240 906 2261 cui
925 2238 1040 2262 coheret
1059 2246 1073 2262 a
1094 2245 1176 2262 mane
1196 2239 1241 2262 via
1261 2238 1385 2269 publica,
1406 2246 1420 2261 a
1441 2245 1503 2262 sero
1523 2238 1618 2267 fovea,
1638 2246 1652 2262 a
1672 2239 1790 2263 meridie
1809 2239 1925 2262 heredes
1943 2238 1970 2263 d.
1989 2239 2095 2270 Iacchi,
2115 2246 2131 2264 a
2145 2247 2206 2272 sep-

363 2282 508 2304 tentrione
527 2281 662 2305 similiter
681 2282 754 2306 dicti
773 2282 902 2311 heredes;
922 2282 1001 2306 aliud
1024 2282 1150 2307 sedimen
1168 2283 1262 2316 jacens
1284 2284 1315 2306 in
1335 2282 1411 2306 dicta
1433 2283 1511 2313 villa,
1533 2283 1646 2307 coheret
1666 2290 1681 2307 a
1700 2290 1781 2307 mane
1801 2283 1828 2307 d.
1849 2283 2030 2312 Bonifacius,
2049 2290 2066 2308 a
2091 2291 2154 2308 sero
2181 2284 2207 2309 d.

364 2324 484 2356 Ugucio,
505 2333 520 2349 a
540 2325 658 2349 meridie
678 2325 771 2350 dictus
792 2327 819 2350 d.
839 2327 1014 2356 Bonifacius,
1033 2329 1061 2351 et
1081 2327 1138 2352 alie
1159 2327 1232 2351 sorte
1253 2328 1320 2351 sunt
1338 2327 1515 2351 coherencie.
1551 2327 1597 2350 Ad
1618 2328 1741 2352 invicem
1761 2327 1858 2352 eadem
1877 2335 1961 2351 causa
1980 2329 2206 2360 permutacionis

364 2371 391 2393 et
408 2370 470 2402 jure
490 2370 569 2394 feudi
590 2371 651 2394 sine
670 2370 808 2395 fidelitate
828 2373 855 2395 et
876 2372 957 2396 nulla
983 2372 1155 2396 condicione
1181 2372 1326 2404 predictus
1353 2372 1378 2396 d.
1404 2372 1516 2404 Ugucio
1543 2373 1698 2396 investivit
1723 2373 1816 2396 dictos
1841 2372 2006 2402 Iohannem,
2025 2372 2160 2397 Iacobum
2178 2375 2207 2398 et

362 2414 530 2438 Iacobinum
549 2415 582 2438 de
602 2415 741 2440 sedimine
761 2423 819 2441 uno
839 2424 900 2441 cum
926 2417 1040 2441 edificio
1066 2417 1260 2449 supraposito,
1284 2418 1395 2450 jacente
1415 2418 1444 2440 in
1471 2417 1548 2441 dicta
1569 2418 1650 2445 villa,
1670 2419 1715 2441 cui
1739 2418 1853 2442 coheret
1873 2425 1887 2442 a
1908 2424 1989 2442 mane
2014 2418 2063 2442 via
2082 2418 2204 2450 publica,

365 2467 379 2482 a
400 2466 461 2483 sero
481 2459 506 2483 d.
526 2459 681 2489 Marsifius,
703 2469 717 2484 a
737 2461 856 2485 meridie
875 2461 1031 2485 Trentinus
1051 2463 1078 2485 et
1096 2462 1122 2486 d.
1142 2461 1300 2492 Mamilius,
1320 2469 1334 2485 a
1354 2463 1550 2493 septentrione
1569 2462 1596 2486 d.
1616 2462 1794 2487 Bonifacius.
1830 2462 1873 2486 Ita
1893 2469 1957 2486 vere
1976 2462 2053 2494 quod
2078 2464 2206 2494 prefatus

363 2504 389 2527 d.
410 2503 522 2536 Ugucio
542 2504 643 2528 habeat
664 2505 714 2529 illa
734 2506 884 2535 sedimina,
903 2513 956 2537 que
976 2506 1093 2530 fuerunt
1112 2507 1238 2531 eiusdem
1256 2506 1402 2534 Iohannis,
1421 2506 1518 2530 laec-bi
1538 2509 1564 2530 et
1585 2507 1725 2536 Iacobini,
1739 2508 1766 2532 et
1780 2507 1852 2531 dicti
1868 2507 1969 2531 fratres
1982 2507 2104 2531 habeant
2124 2507 2207 2538 illud,

363 2548 437 2579 quod
459 2548 515 2572 fuit
533 2549 659 2573 eiusdem
679 2550 705 2573 d.
725 2549 895 2582 Ugucionis‚
914 2553 945 2575 ut
965 2552 1095 2584 superius
1114 2551 1222 2575 dictum
1241 2552 1299 2580 est3
1314 2552 1369 2582 ipsi
1391 2558 1542 2582 eorumque
1561 2551 1685 2580 heredes,
1704 2553 1732 2576 et
1751 2551 1796 2575 cui
1817 2551 1957 2580 dederint,
1972 2551 2091 2576 debeant
2105 2552 2206 2576 habere

362 2594 389 2616 et
408 2594 501 2617 tenere
515 2595 542 2617 et
556 2593 702 2626 possidere
722 2602 783 2618 cum
799 2597 960 2619 accessione
972 2597 999 2619 et
1014 2597 1154 2627 ingressu,
1169 2596 1292 2620 introitu
1307 2597 1333 2619 et
1354 2597 1440 2626 exitu,
1457 2603 1519 2620 cum
1533 2596 1590 2620 viis
1605 2596 1802 2628 superioribus
1817 2597 1844 2620 et
1857 2596 2059 2626 inferioribus,
2075 2604 2136 2621 cum
2151 2604 2208 2621 orn-

453 2717 461 2734 ¹
480 2719 518 2742 Di
538 2721 630 2750 questi
658 2722 699 2743 tre
727 2721 843 2749 fratelli,
862 2721 922 2753 figli
949 2722 977 2745 di
1004 2721 1175 2746 Giacomino
1196 2720 1255 2753 (XI,

365 2766 405 2791 22,
428 2767 469 2792 23,
489 2759 534 2792 24)
554 2763 621 2786 nato
642 2761 677 2786 da
697 2761 881 2793 Giacomino,
902 2771 960 2787 non
975 2765 997 2787 si
1020 2770 1139 2788 conosce
1158 2764 1208 2787 che
1228 2763 1255 2788 la

365 2805 491 2834 permuta
511 2811 563 2827 con
584 2804 758 2836 Uguoeione,
778 2805 857 2837 figlio
878 2806 905 2829 di
930 2805 1081 2836 Giaromo,
1107 2806 1151 2830 del
1180 2804 1255 2835 1262,

367 2844 397 2868 1S
417 2845 531 2869 ottobre
551 2845 636 2876 (XVI,
656 2846 709 2878 57).
736 2847 761 2870 A
782 2848 1184 2879 ra310neilCeoldo(Albero
1198 2849 1256 2877 cit„

366 2893 391 2918 p.
404 2885 445 2917 16)
456 2887 568 2911 esclude
578 2895 634 2911 una
646 2888 750 2912 diretta
762 2889 946 2914 discendenza
958 2890 988 2914 di
1000 2889 1140 2914 Giacomo
1150 2890 1256 2922 grande

365 2928 398 2952 da
419 2930 517 2959 questo
538 2928 711 2954 Giacomino
731 2930 779 2963 (cf.
799 2932 849 2961 ivi,
869 2939 895 2964 p.
917 2931 969 2964 53),
990 2934 1116 2956 traverso
1137 2939 1172 2955 un
1196 2934 1256 2964 ipo-

1311 2722 1400 2745 tetico
1421 2721 1563 2752 Mamilio,
1584 2721 1705 2746 laddove
1731 2721 1873 2746 Giacomo
1899 2722 2006 2754 grande
2033 2721 2046 2746 ὲ
2071 2721 2151 2754 figlio
2178 2722 2207 2746 di

1309 2763 1440 2786 Marsilio
1455 2764 1482 2787 di
1499 2763 1639 2788 Giacomo
1653 2763 1780 2788 vecchio.
1808 2765 1854 2789 Ma
1869 2765 1893 2788 sl
1908 2762 1963 2796 Ριιὸ
1977 2764 2109 2788 dubitare
2124 2772 2208 2796 sopra

1310 2799 1449 2829 l'asserita
1469 2806 1530 2829 loro
1552 2803 1704 2838 paternita,
1725 2803 1826 2837 perche
1845 2806 2048 2835 l’istrumento,
2059 2805 2104 2830 nel
2125 2805 2209 2838 quale

1308 2848 1444 2879 figurano,
1465 2846 1478 2871 *e
1498 2850 1601 2880 troppo
1622 2850 1732 2872 remoto
1753 2848 1868 2872 dall'etrl
1889 2856 1946 2872 sua.
1984 2848 2024 2872 Fu
2044 2850 2206 2880 sospettato

1311 2890 1359 2914 che
1382 2891 1488 2913 sosscro
1511 2890 1571 2922 figli
1592 2891 1730 2914 naturali:
1753 2897 1795 2913 ma
1816 2890 1844 2914 di
1866 2891 1933 2914 chi?

1400 2930 1409 2945 ³
1429 2932 1472 2956 Cf.
1493 2932 1622 2962 Cinam),
1647 2933 1750 2962 ΛΙὸενο,
1772 2941 1797 2966 p.
1821 2932 1852 2957 16
1873 2940 1887 2956 c
1908 2939 1949 2963 29.

2242 838 2278 869 10

2242 1104 2279 1136 15

2238 1377 2281 1408 20

2239 1695 2280 1727 25

2238 2014 2274 2042 30

2235 2237 2270 2264 35

2237 2460 2272 2488 40

2238 2854 2270 2872 10
