2346 3597
482 154 654 190 GESTA
683 153 988 188 MAGNIFICA
1018 153 1207 188 DOMUS
1237 153 1626 188 CARRARIENSIS

128 289 156 311 et
175 289 285 312 tutorio
306 289 421 312 nomine
441 295 492 319 pro
507 287 594 311 dictis
607 287 678 310 filiis
692 286 752 310 suis
765 287 878 318 poterat
898 287 925 310 et
945 286 1051 318 posset,
1071 287 1250 310 constituens
1269 293 1331 310 eum
1347 288 1562 317 procuratorem
1582 288 1613 310 ut
1633 288 1662 311 in
1683 295 1740 311 rem
1760 295 1847 316 suam,
1867 290 1894 312 et
1910 289 1977 312 fecit

127 333 153 356 ei
173 339 274 364 puram
293 334 321 356 et
339 332 558 356 irrevocabilem
578 332 774 360 donationem,
795 338 848 361 que
868 331 976 354 dicitur
995 332 1071 354 inter
1089 331 1183 359 vivos,
1205 330 1237 354 de
1257 332 1320 354 toto
1334 337 1375 359 eo,
1389 331 1464 361 quod
1479 331 1544 362 plus
1558 331 1636 355 dicto
1650 333 1743 362 pretio
1759 332 1842 362 valet,
1856 335 1883 356 et
1902 334 1976 364 quod

88 397 94 404 ,
126 376 161 399 ab
188 377 253 400 inde
278 377 371 409 ipsum
398 377 503 409 podere
529 376 640 404 habeat,
667 376 762 399 teneat
782 376 866 406 atque
886 375 1033 408 possideat
1054 376 1117 398 sine
1137 375 1370 398 contradictione
1389 375 1482 407 ipsius
1502 376 1675 399 venditricls
1695 377 1738 399 vel
1760 377 1820 401 eius
1834 377 1977 401 heredum.

65 682 97 709 10

64 905 95 930 15

61 1127 96 1154 20

60 1395 95 1420 25

60 1615 96 1642 30

49 1921 92 1953 35

52 2192 93 2222 40

51 2459 90 2489 45

59 2755 93 2782 50

127 420 169 444 De
188 428 245 451 quo
265 423 356 445 autem
377 421 481 452 podere
500 421 531 444 in
551 427 580 443 se
599 420 721 443 retinuit
741 421 908 443 comitatum
930 422 957 443 et
977 419 1116 443 honorem
1138 420 1228 452 ipsius
1249 419 1412 443 comitatus,
1450 419 1589 443 Promisit
1611 427 1678 443 sane
1704 422 1815 451 prefata
1841 421 1867 445 d.
1893 421 1977 445 Berta

127 465 240 488 tutorio
255 465 370 489 nomine
385 472 436 496 pro
450 464 519 488 filiis
532 465 592 488 suis
605 465 632 487 et
646 471 697 487 suo
713 464 839 491 nomine,
853 464 907 487 etsi
923 471 979 487 non
995 465 1139 487 teneretur
1153 463 1267 487 tutorio
1283 464 1407 491 nomine,
1422 471 1474 487 suo
1491 465 1606 487 nomine
1620 466 1759 493 teneatur,
1773 466 1799 489 et
1813 473 1826 488 e
1841 473 1977 489 converso

127 511 395 541 supranominatum
416 508 530 541 podere,
543 510 573 532 ut
587 508 695 532 dictum
710 510 760 535 est,
776 509 810 531 ab
825 508 905 532 omni
918 508 1036 532 homine
1051 507 1223 540 [defendere]
1238 515 1300 531 cum
1313 509 1430 532 racione
1444 510 1503 532 suis
1523 510 1650 540 espensis
1665 510 1693 532 in
1714 517 1785 541 pena
1800 510 1889 541 dupli,
1904 511 1978 534 sicut

127 561 180 584 pro
200 556 326 586 tempore
353 554 439 577 suerit
464 553 646 577 melioratum
665 554 714 577 aut
733 553 856 577 valuerit
875 553 924 576 sub
945 553 1137 577 extimacione
1158 555 1187 576 in
1207 553 1355 577 consimili
1374 553 1448 583 loco,
1468 554 1607 577 credendo
1628 554 1661 577 de
1682 556 1813 585 expensis
1839 555 1895 579 soli
1917 556 1977 579 eius

127 598 214 621 verbo
232 599 294 622 sine
314 598 490 622 sacramento
510 599 538 621 et
551 598 607 621 alia
621 598 796 628 probacione
816 599 844 620 in
860 597 969 629 agendo
984 599 1012 621 et
1024 598 1055 621 in
1070 597 1273 625 deffendendo,
1293 604 1355 620 cum
1369 598 1552 629 obligacione
1566 606 1681 622 suorum
1695 599 1842 626 bonorum,
1857 607 1910 630 que
1924 607 1976 630 pro

127 642 191 673 ipso
209 642 326 665 domino
347 642 507 666 Willielmo
528 649 556 665 se
576 642 731 665 constituit
750 641 905 673 possidere,
925 643 952 665 et
972 642 1052 665 dedit
1071 641 1134 673 ipsa
1155 641 1181 665 d.
1201 643 1284 665 Berta
1304 642 1471 674 parabolam
1491 644 1518 665 et
1532 642 1678 666 licentiam
1700 643 1757 674 ipsi
1777 642 1803 667 d.
1818 643 1977 667 XVillielmo

127 686 258 710 intrandi
277 687 403 710 tenutam
423 687 451 709 et
470 685 677 717 possessionem
698 693 747 709 sua
768 686 950 713 auctoritate,
970 687 997 709 et
1011 693 1064 717 pro
1078 693 1110 709 eo
1124 692 1152 709 se
1166 686 1321 710 constituit
1342 687 1472 717 precario
1487 686 1640 717 possidere,
1655 686 1746 710 donec
1760 689 1887 710 tenutam
1902 695 1978 711 acce-

127 731 212 761 perit.
247 730 283 754 Et
303 731 343 754 ibi
365 731 601 761 supranominata
621 730 647 753 d.
667 730 751 753 Berta
770 730 882 754 tutorio
903 731 1020 754 nomine
1040 737 1093 761 pro
1113 737 1140 753 se
1160 731 1187 753 et
1207 737 1259 761 pro
1279 731 1351 761 ipsis
1370 730 1439 754 filiis
1460 731 1519 754 suis
1547 731 1581 754 de
1601 731 1710 755 decima
1729 733 1757 755 et
1775 732 1836 763 jure
1856 732 1978 755 decima-

127 774 221 798 ciouis
240 775 332 811 ipsius
352 775 467 808 poderis
486 775 643 798 investivit
662 774 782 798 eundem
804 775 828 799 d.
849 774 1039 798 Willielmum
1060 774 1094 798 ad
1116 774 1231 798 feudum
1251 776 1312 798 sine
1332 775 1471 799 fidelitate
1484 778 1511 799 et
1524 776 1669 800 homatico
1685 778 1711 799 et
1725 776 1782 799 alia
1797 776 1978 805 condicione,

126 820 246 850 excepto
265 820 339 851 quod
360 820 444 844 semel
460 821 490 843 in
510 827 586 843 anno
601 820 697 843 adesse
711 819 810 843 debeat
825 820 875 843 uni
889 827 940 843 suo
955 819 1081 843 termino
1095 818 1294 847 vassallorum.
1314 820 1339 843 si
1354 820 1509 851 requisitus
1524 820 1620 850 fucrit,
1635 821 1697 844 sine
1718 820 1824 850 fraude,
1841 822 1880 844 ita
1895 822 1978 852 quod,

128 864 152 887 si
172 866 290 888 vocatus
308 865 344 888 ad
364 865 516 888 terminum
538 871 596 887 non
618 865 728 888 venerit
748 866 796 888 aut
816 864 1019 888 investituram
1040 871 1097 887 non
1118 864 1246 896 pecierit,
1268 865 1342 895 quod
1364 866 1481 896 propter
1500 865 1553 888 hoc
1576 865 1688 889 seudum
1703 865 1779 888 istud
1800 872 1858 888 non
1880 865 1978 889 debeat

127 908 252 939 perdere,
271 916 321 932 nec
341 911 460 940 propter
479 909 605 939 aliquam
626 909 737 941 culpam
758 908 803 932 vel
823 908 1018 936 offensionem,
1039 915 1091 939 que
1112 910 1208 940 posset
1229 909 1352 938 comitti,
1377 917 1426 932 nec
1453 912 1569 941 propter
1596 910 1796 933 investituram
1824 911 1853 932 in
1879 910 1977 941 aliquo

126 954 254 985 tempore
274 961 330 978 non
352 955 480 985 petitam,
502 954 588 977 immo
608 954 659 977 hec
679 960 793 986 presens
814 953 989 977 investitura
1008 953 1215 985 perpetualiter
1234 953 1335 977 durare
1356 953 1457 978 debeat
1477 955 1531 986 ipsi
1554 954 1581 977 d.
1601 954 1760 978 willielmo
1777 957 1804 978 et
1824 956 1882 978 suis
1901 955 1977 978 here—

125 996 208 1021 dibus
221 999 249 1021 et
270 999 297 1021 in
313 998 383 1027 3110,
401 998 447 1022 cui
467 998 586 1027 dederit,
607 999 674 1029 quia
694 998 808 1029 plenam
828 998 976 1021 licentiam
997 999 1024 1021 et
1044 998 1209 1022 mandatum
1229 999 1253 1022 ei
1276 998 1355 1022 dedit
1374 998 1482 1022 dictum
1504 999 1618 1022 feudum
1640 999 1783 1023 vendendi
1802 1001 1830 1023 et
1849 999 1976 1023 donandi

125 1049 177 1073 pro
191 1043 295 1072 anima,
317 1042 465 1067 iudicandi
485 1045 512 1066 et
533 1043 657 1066 faciendi
679 1042 818 1074 quidquid
838 1042 967 1066 voluerit
987 1043 1048 1066 sine
1067 1043 1158 1074 ipsius
1178 1043 1204 1066 d.
1224 1043 1306 1066 Berte
1327 1043 1372 1067 vel
1391 1043 1452 1067 eius
1471 1043 1604 1067 heredum
1625 1043 1761 1075 parabola
1781 1044 1909 1075 petenda.
1941 1044 1977 1068 Et

124 1086 201 1117 quod
219 1087 277 1116 illi,
297 1089 344 1118 qui
366 1088 396 1111 in
418 1087 484 1111 aliis
504 1088 562 1111 suis
581 1088 665 1111 bonis
686 1087 882 1116 successerint,
902 1087 926 1111 si
946 1087 1094 1111 decederet
1113 1088 1147 1111 ab
1167 1088 1314 1117 intestato,
1336 1088 1490 1112 succedant
1510 1090 1537 1112 et
1556 1089 1610 1112 hoc
1631 1090 1660 1112 in
1682 1088 1776 1117 feudo,
1795 1090 1822 1112 et
1836 1089 1909 1119 qnod
1925 1096 1976 1119 pro

129 1131 213 1155 feudo
234 1139 292 1155 non
313 1134 465 1156 teneantur
484 1133 510 1156 ei
531 1132 622 1156 facere
641 1131 760 1163 aliquod
774 1132 960 1162 adiutorium,
974 1133 1044 1155 dans
1058 1132 1149 1155 eidem
1163 1132 1283 1156 domino
1297 1132 1445 1156 Wilielmo
1459 1133 1609 1156 ilcenciam
1625 1133 1752 1157 intrandi
1768 1133 1976 1165 possessionem

126 1176 204 1200 dicto
225 1177 320 1201 feudo.
358 1177 462 1200 Actum
483 1177 514 1200 in
534 1177 629 1200 Padua
650 1177 680 1200 in
702 1177 787 1200 domo
808 1177 835 1200 d.
852 1175 950 1200 Iacobi
969 1177 1063 1204 sachi,
1086 1178 1114 1200 in
1133 1184 1187 1208 qua
1208 1177 1320 1201 habitat
1339 1177 1417 1201 dicta
1437 1177 1463 1201 d.
1483 1178 1575 1201 Berta.

215 1220 243 1245 S.
263 1221 301 1244 Ν.
319 1220 381 1252 Ego
401 1220 540 1244 Nicolaus
559 1220 593 1244 de
612 1219 743 1251 Litardo,
764 1221 838 1244 sacri
857 1220 959 1253 palatii
982 1221 1122 1248 notarius,
1142 1221 1265 1245 interfui
1284 1222 1312 1245 et
1331 1228 1427 1245 eorum
1448 1222 1526 1254 jussu
1547 1222 1597 1245 hec
1617 1222 1729 1254 scripsi.

214 1309 275 1341 Ego
294 1309 416 1341 Ugucio,
435 1309 523 1333 iudex
543 1307 757 1341 instascriptus,
777 1310 942 1342 subscripsi.

213 1353 274 1385 Ego
293 1353 435 1378 Iohannes
457 1354 490 1378 de
510 1353 648 1384 TrIbano,
670 1355 801 1379 notarius
819 1355 903 1378 testis
922 1356 950 1378 et
971 1355 1066 1378 socius
1087 1355 1298 1386 ultrascriptus,
1319 1363 1360 1379 me
1380 1355 1537 1387 subscripsi
1556 1358 1584 1380 et
1605 1356 1754 1380 ascultavi.

214 1397 244 1422 S.
264 1400 303 1422 N.
323 1397 384 1430 Ego
403 1398 571 1429 Bernardus,
593 1398 665 1422 olim
677 1398 704 1423 d.
723 1398 798 1422 Petri
812 1399 919 1432 judicis
934 1398 968 1422 de
982 1397 1106 1422 Casellis
1120 1399 1213 1428 filius,
1227 1399 1299 1423 civis
1314 1399 1469 1430 paduanus,
1484 1400 1615 1423 notarius
1629 1400 1839 1432 ultrascriptus,
1853 1401 1976 1424 existens

126 1442 157 1465 in
171 1441 269 1466 officio
288 1442 487 1474 ultrascripto,
507 1450 601 1467 coram
621 1443 809 1476 ultrascripto
829 1444 931 1476 judice,
952 1444 1132 1475 presentibus
1151 1444 1388 1468 ultranominatis
1402 1445 1521 1468 testibus
1535 1445 1658 1468 notariis
1678 1446 1706 1468 et
1719 1445 1807 1468 sociis
1819 1444 1854 1468 ad
1869 1444 1976 1468 dictum

124 1486 234 1510 discum
254 1485 389 1511 Grifonis
409 1489 436 1511 et
454 1487 532 1517 aliis,
553 1488 625 1511 dicti
643 1488 749 1520 judicis
766 1489 844 1520 jussu
865 1490 891 1511 et
913 1489 1094 1517 auctoritate,
1114 1490 1286 1512 statutorum
1307 1489 1438 1512 comunis
1456 1488 1550 1512 Padue
1569 1490 1756 1513 solemnitate
1769 1491 1795 1512 et
1817 1490 1907 1512 forms.
1922 1496 1975 1512 ser-

127 1533 202 1560 vata,
221 1531 437 1563 ultrascriptum
458 1533 678 1555 instrumentum
697 1539 732 1555 ex
752 1533 913 1556 auttentico
933 1532 1115 1563 ultrascripti
1134 1532 1249 1556 Nicolai
1269 1534 1377 1557 notarii
1398 1533 1432 1557 de
1456 1533 1578 1557 Litardo
1600 1534 1727 1557 fideliter
1751 1534 1913 1565 exemplavi
1938 1534 1974 1557 si-

126 1583 240 1607 gnoque
259 1583 322 1600 meo
342 1576 430 1601 solito
451 1577 595 1605 roboravi,
615 1578 745 1601 currente
767 1584 843 1600 anno
856 1577 978 1600 Domini
999 1577 1153 1601 millesimo
1167 1579 1367 1601 trecentesimo
1381 1579 1627 1610 quinquagesimo,
1641 1578 1807 1609 indictione
1819 1578 1916 1606 tercia,
1930 1579 1975 1602 die

129 1618 270 1649 vigesimo
290 1619 386 1651 primo
407 1619 513 1643 mensis
533 1620 658 1651 augusti,
678 1620 816 1651 regimine
836 1619 993 1643 antedicto.

211 1707 265 1738 36.
289 1725 334 1730 —
357 1707 491 1745 Questo
515 1713 604 1740 sotto
628 1707 761 1749 scripto
778 1707 795 1738 ὲ
814 1707 847 1740 10
865 1707 1024 1749 exempio

122 1760 166 1792 de
190 1770 236 1792 un
260 1760 445 1803 privilegio
463 1760 507 1792 de
524 1761 779 1793 l’illustrissimo
796 1760 922 1792 mesier
939 1761 1023 1792 l’im-

121 1812 274 1855 perador
295 1814 461 1857 Fedrigo,
491 1814 665 1846 roborado
689 1815 747 1846 del
771 1824 808 1846 so
830 1814 954 1856 sigello
979 1815 1022 1846 de

122 1876 205 1898 cera
227 1877 306 1898 cum
328 1878 397 1899 una
421 1867 578 1900 cordella
601 1868 778 1909 pendente
802 1868 847 1899 de
871 1868 956 1900 seda
980 1868 1023 1899 de

122 1920 239 1952 colore
262 1930 358 1952 rosso
382 1927 416 1952 et
439 1922 525 1964 calo,
541 1921 720 1953 habiando
738 1921 771 1953 el
787 1921 883 1953 dicto
899 1921 1023 1963 sigello

120 1974 156 2005 in
173 1973 206 2005 10
223 1973 364 2006 cerchio
380 1980 503 2016 queste
518 1975 630 2011 litere,
645 1985 686 2018 co
704 1974 731 2006 si
748 1974 783 2005 e:
808 1976 821 1991 ‘⁴
836 1974 1023 2016 Federigm

127 2029 142 2043 ‘⁶
155 2036 220 2068 per
242 2026 276 2058 la
298 2027 417 2070 gracia
434 2027 478 2060 de
501 2027 567 2060 Dio
591 2028 792 2069 imperador
809 2027 844 2059 di
861 2027 1024 2065 Romani,

128 2082 291 2122 “sempre
315 2086 471 2122 augusto,
494 2092 532 2112 re
557 2080 602 2113 de
625 2080 815 2113 Ierusalem
840 2087 875 2113 et
898 2081 941 2112 de
958 2080 1026 2112 Ce-

127 2135 141 2150 “
156 2133 238 2165 cilia
251 2157 280 2172 „,
305 2139 340 2166 et
362 2134 398 2165 in
415 2133 448 2166 lo
464 2134 596 2166 circulo
614 2134 725 2166 havea
741 2134 899 2176 sculpida
916 2133 1026 2165 l'ima-

121 2186 202 2228 gine
232 2187 291 2218 del
323 2186 411 2219 ditto
443 2187 566 2219 mesier
598 2187 831 2229 l'imperador,
867 2187 1024 2219 sedando

121 2239 195 2271 sula
218 2249 299 2283 seca
329 2239 508 2281 imperiale
531 2246 567 2272 et
597 2240 773 2272 habiando
804 2240 839 2271 in
872 2251 958 2272 cavo
992 2240 1024 2272 lo

121 2293 282 2325 diadema
306 2293 399 2325 reale
423 2299 456 2325 et
480 2293 516 2324 in
541 2293 574 2325 13
590 2305 670 2325 man
694 2294 806 2326 dretta
823 2293 854 2325 el
872 2299 1024 2335 sceptro,

122 2346 185 2388 coe
209 2345 243 2377 la
265 2356 374 2389 verga
397 2357 463 2379 con
489 2347 522 2378 la
545 2357 644 2379 crose
668 2348 711 2379 de
735 2357 849 2384 sovra,
875 2353 909 2379 et
932 2348 968 2379 in
991 2348 1025 2379 la

121 2410 200 2430 man
223 2399 364 2431 sinistra
387 2411 434 2431 un
457 2410 560 2442 pomo
584 2400 744 2432 rodondo
768 2410 834 2432 con
866 2400 899 2431 la
924 2410 1024 2432 crose

122 2458 334 2494 sovraposta.
373 2453 415 2484 El
432 2453 512 2496 qual
528 2454 713 2496 privilegio
730 2464 775 2485 no
793 2464 853 2485 era
870 2454 1024 2491 rassado,

120 2516 165 2538 no
187 2513 322 2548 guasto,
339 2506 383 2538 ne
400 2507 616 2545 cancellado‚
633 2507 676 2557 ne
693 2506 831 2540 viciado
846 2507 880 2538 in
898 2506 1024 2550 alguna

121 2570 180 2592 soa
204 2566 314 2602 parte,
338 2571 394 2592 ma
417 2560 548 2602 scripto
572 2560 609 2592 in
633 2566 755 2603 questo
779 2561 886 2594 modo
901 2559 920 2591 ¹.

1169 1709 1220 1739 36.
1244 1727 1288 1731 —
1311 1708 1388 1740 Hoc
1412 1715 1463 1740 est
1486 1709 1681 1751 exemplum
1705 1708 1885 1741 cuiusdam
1909 1709 1976 1751 pri-

1079 1760 1197 1803 vilegii
1216 1760 1437 1793 illustrissimi
1460 1762 1591 1793 domini
1614 1761 1834 1803 imperatoris
1858 1762 1977 1794 Fride-

1077 1814 1152 1852 rici,
1175 1813 1332 1845 roborati
1355 1814 1469 1856 sigillo
1495 1815 1569 1846 eius
1601 1825 1703 1846 cereo
1733 1825 1809 1846 cum
1831 1814 1977 1847 cordula

1078 1867 1245 1908 pendenti
1258 1867 1352 1899 sirici
1367 1868 1465 1900 rubei
1479 1875 1513 1900 et
1529 1868 1607 1900 zalli
1625 1869 1763 1906 coloris,
1777 1869 1928 1900 habente
1941 1870 1976 1901 in

1077 1920 1213 1952 circulo
1236 1921 1295 1952 has
1319 1921 1460 1959 litteras,
1485 1922 1619 1954 scilicet
1651 1924 1664 1938 “
1679 1922 1886 1959 Fridericus,
1910 1922 1975 1953 Dei

1082 1976 1095 1990 “
1110 1974 1224 2016 gratia
1240 1975 1475 2006 Romanorum
1500 1975 1689 2016 imperator
1712 1985 1848 2017 semper
1872 1986 1978 2018 augu-

1084 2029 1192 2066 “stus‚
1217 2028 1434 2059 Hierusalem
1460 2035 1493 2059 et
1518 2028 1636 2060 Sicilie
1660 2029 1781 2070 Rex„
1807 2035 1841 2060 et
1858 2029 1895 2059 in
1913 2029 1978 2060 cir-

1078 2080 1193 2112 culum
1231 2082 1400 2122 sculptam
1440 2081 1625 2124 imaginem
1656 2081 1808 2124 predicti
1846 2082 1977 2114 domiui

1076 2133 1297 2176 imperatoris
1321 2145 1423 2176 super
1447 2135 1534 2167 solio
1558 2135 1730 2176 imperiali
1754 2135 1919 2172 sedentis,
1943 2141 1977 2166 et

1077 2188 1112 2219 in
1131 2187 1245 2229 capite
1269 2188 1386 2229 regale
1412 2188 1583 2226 diadema,
1607 2195 1641 2220 et
1665 2189 1700 2219 in
1725 2199 1828 2219 manu
1852 2189 1977 2220 dextra

1077 2247 1251 2282 sceptrum
1267 2251 1344 2272 cum
1363 2252 1468 2273 cruce
1486 2241 1703 2283 superposita
1720 2241 1891 2280 habentis,
1906 2251 1976 2273 non

1078 2293 1202 2332 abrasi,
1227 2304 1295 2325 non
1319 2294 1453 2331 aboliti,
1471 2305 1539 2326 non
1557 2295 1752 2333 cancellati,
1777 2305 1843 2327 nec
1864 2295 1899 2326 in
1917 2295 1977 2326 ali-

1078 2359 1147 2391 qua
1181 2348 1233 2379 sui
1264 2354 1362 2389 parte
1395 2348 1516 2385 vitiati,
1547 2349 1611 2380 sed
1645 2348 1679 2379 in
1710 2349 1804 2380 hunc
1837 2349 1976 2380 modum

1078 2402 1207 2444 scripti.

210 2667 386 2698 Fredericus,
405 2669 458 2692 Dei
479 2670 586 2700 gracia,
605 2669 801 2693 Romanorum
822 2671 979 2702 imperator
999 2678 1108 2702 semper
1129 2672 1273 2702 augustus,
1295 2670 1445 2693 Ierusalem
1461 2671 1489 2693 et
1501 2669 1620 2694 Scicilie
1641 2678 1697 2694 rex.
1736 2671 1821 2694 Iustis
1843 2671 1974 2695 fidelium

123 2714 286 2737 nostrorum
306 2713 502 2746 peticionibus
522 2713 746 2738 condescendere
765 2716 905 2747 cogimur,
925 2722 994 2746 quas
1015 2716 1071 2739 nisi
1094 2715 1297 2739 favorabiliter
1317 2715 1487 2742 audiremus,
1514 2715 1660 2745 obaudire,
1684 2715 1760 2746 quod
1787 2716 1903 2746 petitur,
1927 2723 1975 2747 per

124 2758 260 2781 iniuriam
280 2757 449 2782 videremur.
486 2758 561 2782 Hinc
581 2760 623 2782 est
643 2759 733 2790 igitur
746 2760 830 2790 quod,
845 2766 908 2783 cum
923 2760 1102 2790 Anthonius,
1118 2760 1199 2784 filius
1213 2759 1357 2791 quondam
1373 2759 1486 2783 Albrici
1500 2758 1616 2789 Leonis,
1631 2759 1729 2783 Petrus
1745 2759 1848 2783 Comes
1861 2762 1889 2784 et
1901 2760 1976 2783 Hen-

125 2803 200 2826 ricus
220 2802 396 2832 Franciscus,
416 2803 526 2834 fratres,
549 2803 650 2827 fideles
670 2804 771 2834 nostri,
793 2804 828 2828 ad
847 2806 974 2828 nostram
997 2805 1169 2836 presentiam
1185 2803 1358 2834 accedentes,
1374 2804 1408 2827 ab
1423 2804 1599 2828 excellencia
1615 2806 1714 2828 nostra
1733 2805 1906 2836 suppliciter
1926 2812 1975 2836 po-

215 2935 222 2951 ¹
243 2936 288 2961 Cf.
309 2936 437 2966 Ceotno,
457 2938 556 2962 Albero
576 2940 634 2967 cit„
654 2946 680 2970 p.
702 2945 742 2962 21.
