2346 3597
376 303 438 335 per
460 303 505 324 un
530 291 674 324 Alberto
699 292 742 324 de
766 292 898 324 Sancta
921 290 1025 329 Sofia‚
1049 291 1193 327 nodaro,
1217 288 1275 320 nel

376 345 456 389 qual
479 346 707 378 instrumento
723 350 756 377 et
770 354 833 387 per
848 344 881 377 lo
898 344 980 386 qual
997 342 1275 385 comprehendet

374 410 410 431 se
428 397 524 441 pora,
541 404 670 441 quanto
687 399 778 430 fosse
802 398 835 430 la
858 397 999 438 richeca
1021 396 1077 428 dei
1094 395 1274 438 Papafava

376 453 420 484 da
443 453 601 485 Carrara.

463 1463 514 1495 64.
552 1480 591 1484 —-
631 1461 864 1492 Instrumento
897 1458 976 1491 dela
1007 1459 1157 1491 division
1193 1458 1270 1491 dele

372 1516 568 1558 possession
591 1521 626 1546 et
647 1513 684 1545 di
706 1512 788 1545 beni
812 1513 908 1550 sacta
930 1512 1020 1545 intro
1044 1512 1054 1543 i
1072 1512 1271 1555 magnifichi

372 1570 504 1613 signori
527 1569 750 1605 Pieroconte‚
774 1565 948 1603 Albertin,
963 1565 1122 1597 Marsilio
1147 1571 1181 1598 et
1205 1566 1272 1598 Bo-

371 1623 514 1661 nifacio,
538 1621 691 1659 fradelli,
715 1620 759 1651 da
789 1619 948 1657 Carrara,
973 1618 1045 1651 fioli
1074 1618 1119 1651 de
1143 1619 1271 1651 mesier

371 1676 516 1717 Iacopin
540 1675 720 1717 Papafava
733 1672 753 1705 ¹.

740 159 914 195 GESTA
942 158 1246 194 MAGNIFICA
1273 156 1461 192 DOMUS
1489 154 1878 192 CARRARIENSIS

1329 298 1434 325 nono,
1450 287 1616 330 scriptum
1635 297 1702 330 ego
1718 286 1864 327 reperio.
1888 285 1934 318 Hi
1951 285 2094 322 domini,
2110 296 2227 328 quam-

1329 342 1379 373 vis
1402 352 1444 373 ex
1468 346 1604 373 vetusta
1626 340 1901 373 Carrariensium
1925 339 1993 372 orti
2022 338 2226 381 propagine,

1327 400 1443 426 tamen
1459 394 1567 436 patris
1582 403 1778 437 cognomen
1795 392 1982 430 imitantes,
2005 392 2104 433 quasi
2126 391 2226 423 titulo

1327 448 1468 489 antique
1486 458 1545 479 sue
1563 447 1687 479 domus
1703 453 1737 478 et
1760 455 1899 478 suorum
1922 445 1967 476 de
1983 443 2148 477 Carraria
2164 444 2225 476 de-

1325 501 1450 542 posito,
1484 511 1521 532 se
1555 500 1719 532 fecerunt
1748 509 1811 542 pro
1845 498 2037 541 Papaiavis
2067 508 2088 529 a
2118 497 2224 540 vulgo

1325 553 1537 595 nuncupari:
1562 554 1613 585 sic
1635 559 1671 585 et
1693 563 1814 585 eorum
1839 552 1900 584 filii
1917 557 1952 584 et
1967 551 2225 583 descendentes

1324 605 1495 648 Papafavi
1519 607 1562 639 de
1586 605 1746 639 Carraria
1764 604 1930 648 appellati
1946 610 2036 636 sunt.
2067 602 2144 634 Viri
2167 603 2224 634 isti

1318 659 1538 703 Anguillarie
1555 666 1670 692 castro
1686 659 1910 702 prefuerunt:
1927 657 2119 689 amicorum
2137 655 2224 687 mul-

1319 712 1469 745 titudine
1492 713 1622 753 vallati,
1652 711 1779 753 feudis,
1803 702 1964 743 vassallis
1987 715 2020 742 et
2050 709 2224 742 masnadis

1319 766 1487 808 opulenti,
1510 766 1661 798 omnium
1685 776 1790 807 opum
1813 764 1997 796 affluentia
2021 769 2055 794 et
2071 762 2224 804 predivi-

1315 828 1370 854 tes
1393 820 1480 862 agri,
1503 819 1661 862 pericula
1684 818 1848 862 ingencia
1873 817 2064 849 animorum
2088 814 2223 858 magni-

1318 872 1442 904 tudine
1467 877 1764 914 contempserunt.
1806 870 1847 903 In
1871 870 2016 904 civitate
2032 867 2222 901 eminentia

1319 925 1447 968 palatia
1473 924 1683 963 habuerunt,
1707 931 1743 958 et
1765 925 1854 957 adeo
1878 929 1916 956 ut
1937 928 2078 966 possent
2100 922 2223 954 castris

1319 979 1457 1022 equari3
1475 988 1648 1011 armorum
1672 978 1877 1011 strenuitate
1894 976 2088 1019 conspicui,
2104 985 2224 1017 perso-

1319 1043 1441 1064 narum
1465 1042 1610 1064 numero
1641 1038 1676 1064 et
1699 1025 1898 1064 ‘amicorum
1921 1030 2074 1073 presidIO
2104 1029 2223 1061 formi-

1319 1085 1402 1124 dati,
1428 1086 1586 1118 fortunas
1608 1096 1686 1118 suas
1710 1085 1808 1128 quasi
1831 1084 1997 1117 liberales
2020 1082 2122 1116 nimis
2145 1093 2221 1115 cum

1318 1149 1354 1171 se
1379 1138 1611 1181 diligentibus
1635 1139 1908 1177 comunicantes,
1932 1137 2039 1169 armis
2067 1143 2102 1169 et
2123 1138 2221 1179 equis

1319 1192 1471 1235 priorum
1503 1202 1598 1224 more
1628 1191 1806 1229 delectati,
1837 1191 1872 1223 in
1905 1190 2222 1223 comensationibus

1318 1245 1461 1285 assidui,
1477 1245 1563 1277 nulli
1585 1255 1736 1288 unquam
1751 1245 1953 1283 amicorum,
1978 1244 2222 1287 qualitercum-

1318 1309 1387 1341 que
1409 1298 1504 1331 foret
1527 1303 1562 1330 et
1589 1298 1888 1341 qualitercumque
1913 1303 2102 1340 peteretur,
2117 1307 2219 1339 opem

1319 1352 1536 1394 denegarunt
1559 1351 1777 1393 postulatam.

1410 1459 1462 1490 64.
1487 1476 1527 1482 —
1551 1458 1818 1490 Instrumentum
1835 1457 2014 1490 divisionis
2030 1458 2221 1499 possessio-

1319 1522 1402 1544 num
1423 1519 1466 1544 et·
1480 1512 1648 1557 bonorum
1664 1511 1761 1543 facte
1775 1510 1868 1542 inter
1887 1510 2093 1553 magnificos
2108 1511 2218 1543 domi-

1320 1576 1383 1599 nos
1406 1565 1548 1598 Petrum
1571 1564 1751 1602 Comitem,
1774 1563 2005 1602 Albertinum,
2025 1563 2216 1596 Marsilium

1318 1625 1352 1651 et
1368 1618 1600 1657 Bonitacium,
1625 1618 1762 1656 stanes,
1787 1617 1831 1649 de
1855 1617 2029 1655 Carraria,
2053 1616 2141 1649 filios
2157 1618 2218 1649 do—

1321 1672 1405 1705 mini
1431 1670 1586 1704 Iacobini
1609 1670 1800 1712 Papafave.

455 1774 487 1798 In
508 1775 622 1798 nomine
641 1773 753 1797 domini
773 1772 826 1796 Dei
844 1773 945 1796 eterni.
984 1772 1070 1796 Anno
1090 1772 1216 1796 eiusdem
1236 1771 1404 1796 nativitatis
1423 1770 1580 1795 millesimo
1600 1769 1796 1794 ducentesimo
1817 1769 2012 1801 octuagesimo
2032 1777 2119 1798 nono,
2139 1769 2214 1794 indl-

368 1820 453 1844 cione
473 1818 605 1849 secunda,
624 1818 669 1842 die
689 1817 840 1841 undecimo
854 1818 974 1841 exeunte
988 1817 1080 1847 iunio,
1093 1817 1198 1847 Padue,
1212 1818 1241 1840 in
1256 1817 1402 1841 contracta
1414 1815 1515 1840 Sancti
1528 1814 1659 1842 Martini,
1681 1815 1710 1837 in
1731 1814 1816 1838 domo
1830 1814 2028 1838 habitacionis
2046 1815 2214 1846 infrascrip-

369 1867 463 1888 torum
484 1864 666 1887 dominorum
685 1862 763 1886 Petri
784 1861 917 1890 Comitis,
938 1861 1093 1890 Albertini‚
1114 1862 1240 1886 Marsilii
1259 1863 1287 1886 et
1306 1861 1462 1890 Bonifacii,
1483 1860 1611 1884 filiorum
1632 1858 1776 1890 quondam
1797 1859 1909 1882 domini
1921 1859 2050 1883 Iacobini
2069 1859 2214 1891 Papafave

370 1909 404 1933 de
424 1908 566 1938 Carraria,
586 1907 765 1939 presentibus
784 1907 903 1930 domino
921 1906 1049 1930 Iohanne
1067 1906 1101 1930 de
1120 1906 1247 1935 Rosano,
1265 1905 1409 1937 quondam
1429 1905 1540 1929 domini
1561 1904 1644 1934 Tadi,
1663 1904 1774 1928 Lovato
1801 1904 1902 1934 iudice,
1929 1903 2073 1934 quondam
2098 1904 2210 1928 domini

368 1953 537 1980 Rolandini.
559 1953 646 1976 fratre
664 1952 792 1975 Iohanne
812 1951 999 1982 Encegnerio,
1013 1951 1099 1974 fratre
1113 1950 1261 1975 Coradino
1274 1950 1308 1974 de
1322 1950 1514 1978 Montesilice,
1528 1949 1664 1973 ambobus
1678 1949 1711 1972 de
1726 1949 1826 1972 ordine
1840 1948 2056 1977 Heremitarum,
2069 1948 2212 1977 Marsilio,

368 1997 511 2029 quondam
532 1996 643 2020 domini
663 1995 758 2020 Iacobi
774 1996 807 2019 de
819 1995 962 2023 Carraria,
981 1995 1110 2019 Iohanne
1129 1995 1292 2024 Francisco,
1312 2002 1338 2026 q.
1353 1995 1378 2018 d.
1392 1994 1468 2018 Petri
1484 1994 1518 2018 de
1531 1993 1629 2025 Spera,
1642 1992 1771 2017 Viviano
1791 1993 1824 2016 de
1844 1991 2037 2022 Castronovo,
2050 2000 2075 2024 q.
2090 1993 2116 2016 d.
2135 1992 2213 2017 Bon-

369 2042 512 2071 traversii‚
532 2041 653 2065 Nicolao
675 2042 800 2069 notario,
820 2041 898 2064 dicto
917 2040 1036 2073 Spergo,
1055 2047 1081 2072 q.
1100 2040 1302 2073 Boujohannis
1321 2040 1355 2064 de
1374 2039 1449 2069 Este,
1469 2038 1616 2062 Zambono
1636 2038 1754 2062 notario
1768 2038 1801 2062 de
1814 2037 1942 2066 Andrea,
1954 2039 1983 2062 et
2001 2037 2076 2066 aliis,
2091 2038 2212 2062 testibus

369 2088 479 2119 rogatis
498 2088 525 2110 et
544 2086 579 2110 ad
599 2086 649 2109 hec
669 2086 834 2118 specialiter
853 2087 1030 2110 convocatis.
1067 2085 1167 2117 Ibique
1187 2092 1249 2109 cum
1270 2084 1381 2108 nobiles
1408 2084 1466 2108 viri
1493 2084 1520 2108 d.
1543 2083 1642 2107 Petrus
1670 2082 1780 2111 Comes,
1805 2081 1987 2112 Albertinus,
2012 2081 2162 2106 Marsilius
2183 2084 2211 2106 et

369 2131 545 2160 Bonifacius,
564 2130 675 2159 fratres,
694 2130 747 2153 filii
769 2138 793 2161 q.
814 2130 840 2154 d.
859 2130 991 2154 Iacobini
1005 2130 1076 2154 dicti
1098 2129 1242 2162 Papafave
1257 2129 1290 2152 de
1311 2128 1454 2158 Carraria,
1474 2128 1606 2152 volentes
1626 2127 1820 2151 amicabiliter
1839 2126 1969 2150 dividere
1988 2126 2064 2150 bona
2083 2128 2211 2158 paterna,

368 2182 420 2206 que
440 2175 544 2198 habent
565 2176 594 2198 in
616 2174 697 2197 villis
718 2175 809 2206 Agne,
829 2172 907 2198 Cessi
923 2176 951 2198 et
965 2173 1097 2204 Corbole,
1111 2174 1300 2205 Burgisortis,
1318 2172 1514 2204 Anguillarle,
1526 2171 1553 2196 S.
1566 2170 1640 2203 Syri,
1655 2169 1745 2199 Cone,
1759 2178 1821 2195 cum
1836 2170 1894 2194 suis
1908 2171 2068 2195 territoriis
2086 2172 2114 2195 et
2127 2170 2211 2195 confi-

369 2219 460 2249 nibus,
481 2221 508 2242 et
528 2219 637 2248 domos,
658 2225 726 2249 quas
747 2218 853 2242 habent
873 2219 903 2242 in
924 2220 1056 2242 contrata
1075 2218 1102 2243 S.
1123 2217 1254 2247 Martini,
1274 2225 1327 2248 que
1347 2217 1444 2241 onmia
1463 2216 1539 2240 bona
1551 2218 1579 2240 et
1594 2217 1788 2247 possessiones
1808 2216 1969 2239 comuniter
1981 2215 2087 2239 habent
2101 2217 2128 2239 et
2146 2222 2211 2247 pos-

367 2263 471 2291 sident,
492 2263 577 2287 talem
598 2264 771 2287 divisionem
792 2263 826 2286 de
844 2263 917 2294 ipsis
936 2263 1022 2286 bonis
1042 2264 1069 2286 et
1091 2262 1321 2294 possessionibus
1342 2261 1419 2285 inter
1439 2268 1467 2284 se
1488 2261 1624 2288 fecerunt,
1645 2260 1788 2290 videlicet,
1810 2260 1915 2291 positis
1935 2260 2058 2290 quatuor
2076 2259 2209 2283 brevibus

368 2309 397 2331 in
417 2315 475 2332 uno
495 2306 614 2339 capucio
634 2310 661 2331 et
680 2310 797 2339 accepto
817 2314 874 2331 uno
893 2315 928 2331 ex
947 2307 1083 2331 brevibus
1102 2315 1151 2339 per
1170 2314 1257 2330 unum
1271 2313 1387 2338 puerum
1404 2306 1520 2329 nomine
1534 2307 1560 2329 et
1575 2306 1638 2329 vice
1657 2304 1803 2328 Boniiacii
1823 2303 1953 2336 predicti,
1975 2304 2038 2336 ipso
2056 2304 2210 2328 Bonisacio

367 2352 481 2377 volente
501 2354 527 2376 et
547 2353 673 2385 jubente,
694 2353 722 2376 in
744 2354 851 2383 partem
872 2352 964 2384 ipsius
984 2351 1130 2376 Bonifacii
1151 2352 1291 2376 venerunt
1310 2351 1407 2374 omnia
1427 2350 1622 2381 infrascripta.
1659 2349 1691 2372 In
1714 2350 1824 2381 primIs,
1839 2356 1894 2372 una
1909 2349 2018 2377 domus,
2033 2356 2085 2380 que
2099 2349 2208 2373 dicitur

368 2397 469 2421 domus
489 2397 563 2420 Alba
583 2404 598 2421 a
618 2397 700 2426 turri,
719 2405 782 2421 cum
803 2397 943 2421 sedimine
964 2397 1066 2421 domus
1086 2396 1282 2420 habitacionis
1303 2395 1329 2419 d.
1349 2395 1468 2419 Viviani
1489 2395 1524 2418 de
1543 2393 1738 2422 Castronovo,
1756 2394 1852 2426 jacens
1871 2393 1967 2417 Padue
1987 2394 2015 2417 in
2037 2395 2167 2417 contrata
2181 2392 2208 2417 S.

367 2442 495 2470 Martini,
515 2443 559 2465 cui
581 2442 695 2465 coheret
715 2442 748 2466 ab
769 2449 825 2466 uno
846 2443 940 2474 capite
959 2444 987 2465 et
1007 2449 1064 2465 uno
1084 2441 1173 2465 latere
1187 2441 1235 2464 via
1248 2441 1362 2473 publica
1383 2440 1522 2467 comunis,
1535 2440 1570 2464 ab
1584 2439 1644 2463 alio
1657 2439 1746 2462 latere
1760 2439 1860 2462 domus
1874 2439 1901 2462 d.
1914 2438 2062 2462 Albertini
2082 2437 2206 2470 predicti

366 2489 393 2510 et
414 2487 460 2510 via
480 2487 608 2509 comunis
628 2486 753 2518 publica,
773 2486 903 2510 habendo
923 2494 1008 2510 unam
1029 2487 1104 2509 viam
1124 2486 1155 2509 in
1174 2486 1288 2509 curtivo
1309 2485 1409 2508 domus
1430 2490 1530 2515 magne
1551 2490 1624 2507 nove
1644 2483 1744 2516 pedum
1764 2482 1913 2506 duodecim
1936 2489 1951 2506 a
1971 2489 2051 2506 muro
2072 2482 2156 2514 longe
2175 2483 2206 2506 in

366 2532 518 2560 curtivum,
536 2531 622 2562 longe
641 2531 675 2554 ab
693 2531 790 2554 hostio
810 2531 911 2562 canipe
931 2538 980 2562 per
999 2531 1124 2561 quinque
1143 2529 1234 2561 pedes,
1254 2528 1423 2560 incipiendo
1444 2536 1553 2552 murum
1567 2529 1596 2552 in
1612 2527 1734 2558 quodam
1755 2534 1845 2554 cruce,
1859 2534 1911 2558 que
1925 2529 1965 2550 est
1985 2526 2061 2551 sacta
2082 2528 2111 2550 in
2126 2526 2206 2550 dicto

366 2583 445 2599 muro
465 2576 565 2599 domus
588 2583 602 2598 a
627 2576 710 2604 turri,
737 2577 764 2598 et
790 2575 869 2598 vadit
889 2577 963 2598 recte
988 2576 1017 2598 in
1044 2574 1168 2598 sedimen
1197 2573 1392 2597 habitacionis
1418 2572 1443 2596 d.
1472 2572 1592 2596 Viviani
1621 2572 1742 2604 predicti
1770 2572 1845 2595 ultra
1872 2579 1981 2595 murum
2007 2571 2144 2595 stnlarum
2169 2571 2204 2595 ab

367 2621 456 2650 equis,
483 2620 531 2651 qui
556 2619 725 2643 Bonifacius
752 2619 835 2642 debet
859 2619 952 2643 facere
978 2619 1086 2643 dictum
1113 2625 1221 2642 murum
1240 2617 1300 2641 fieri
1322 2618 1380 2641 suis
1401 2618 1534 2648 expensis
1561 2617 1663 2648 absque
1688 2616 1822 2639 fenestris
1848 2616 1892 2639 vel
1919 2615 2130 2643 balchionibuS.
2155 2615 2204 2647 qui

366 2664 489 2688 habeant
509 2666 650 2695 aspertum
671 2664 736 2687 hinc
756 2664 831 2691 inde,
851 2664 897 2687 sed
918 2665 1010 2696 possit
1031 2664 1126 2687 levare
1145 2663 1252 2687 dictum
1273 2669 1383 2685 murum
1405 2663 1434 2685 in
1456 2661 1546 2685 altum
1566 2660 1601 2684 ad
1623 2668 1700 2684 suam
1725 2661 1922 2684 voluntatem:
1948 2662 1976 2684 et
2003 2661 2101 2683 omnia
2126 2660 2201 2683 bona

363 2709 548 2740 infrascripta
565 2709 689 2741 jacentia
710 2708 738 2732 in
760 2708 841 2732 villis
863 2709 950 2740 Agne,
972 2708 1061 2738 Cessi,
1084 2706 1245 2739 Burglforti
1265 2707 1323 2730 suis
1343 2706 1523 2729 distrirtibus
1537 2707 1564 2729 et
1579 2705 1748 2729 confinibus.
1786 2705 1816 2728 In
1838 2705 1950 2737 primis,
1962 2711 2047 2728 unum
2063 2711 2204 2727 casamen-

363 2755 430 2779 tum.
449 2753 544 2784 jacens
564 2754 592 2776 in
615 2752 685 2775 villa
707 2753 795 2784 Agne,
814 2753 860 2776 cui
881 2753 994 2776 coheret
1014 2760 1028 2776 a
1049 2752 1156 2776 duabus
1178 2751 1307 2783 partibus
1327 2751 1419 2774 dictus
1441 2751 1465 2774 d.
1488 2749 1654 2773 Bonifacius
1673 2751 1701 2773 et
1714 2749 1860 2773 habitatur
1880 2756 1928 2780 per
1949 2748 2073 2772 Marcum
2094 2748 2201 2772 Eliche.

362 2797 440 2824 Item,
459 2798 536 2821 aliud
558 2799 757 2827 casamentum,
777 2798 872 2829 Jacens
894 2798 921 2820 in
943 2798 1019 2821 dicta
1042 2796 1122 2825 villa,
1143 2797 1172 2820 in
1192 2803 1248 2827 quo
1268 2795 1379 2819 habitat
1405 2794 1567 2822 I‘adunnus,
1587 2796 1614 2818 et
1637 2795 1699 2818 eius
1727 2794 1890 2817 coherentie
1911 2801 1925 2816 a
1947 2793 2053 2817 duabus
2074 2793 2202 2824 partibus
2234 2811 2243 2815 c

362 2842 435 2865 idern
456 2843 481 2866 d.
503 2842 679 2866 Bonifacius.
716 2842 795 2871 Item,
817 2842 897 2865 aliud
917 2843 1118 2869 casamentum,
1138 2842 1234 2874 J'a:ens
1256 2841 1283 2863 in
1305 2840 1384 2863 dicta
1406 2840 1488 2869 villa,
1508 2840 1621 2862 coheret
1643 2847 1656 2862 a
1677 2839 1786 2862 duabus
1807 2838 1936 2870 partibus
1955 2837 2049 2861 dictus
2069 2838 2202 2862 (lominus

455 2944 461 2960 ¹
483 2945 527 2970 Cf.
549 2946 675 2973 Cizozno,
696 2946 803 2974 Albero,
824 2953 849 2977 p.
872 2951 904 2976 70
923 2952 972 2975 sg..
992 2943 1026 2968 80
1045 2951 1093 2975 sg.,
1113 2942 1155 2967 86.

2255 823 2293 853 10

2253 1085 2291 1117 15

2245 1673 2286 1704 25

2241 1901 2277 1929 30

2240 2124 2275 2151 35

2238 2345 2272 2372 40

2237 2569 2269 2595 45
