2346 3597
495 202 669 238 GESTA
698 201 1002 237 MAGNIFICA
1031 201 1216 236 DOMUS
1247 201 1635 238 CARRARIENSIS
1914 204 1982 239 153

461 335 600 367 REDAz.
625 335 656 366 A

227 408 302 439 283.
325 425 359 430 -
376 406 461 439 Cum
478 412 593 438 autem
608 406 808 448 imperator,
824 412 860 438 ut
872 405 982 447 scrip-

137 467 209 493 turn
234 467 296 497 est,
319 460 355 492 in
377 459 470 502 agris
493 459 687 491 mantuanis
702 465 837 500 tempus
853 465 981 491 tereret

139 514 279 551 dictum,
304 513 426 545 videns
449 523 484 543 se
513 512 719 554 principum,
751 512 917 544 baronum
949 519 982 544 et

138 567 280 598 militum
306 566 479 598 consortio
504 565 715 603 destitutum,
743 571 813 597 tum
838 571 982 607 propter

138 621 308 662 promissa
338 629 401 661 per
432 630 509 650 eum
541 618 573 649 in
607 619 795 650 Germania
827 619 901 650 fide
926 629 982 650 ca-

138 674 259 711 rentia,
283 679 352 704 tum
376 678 520 714 propter
543 671 675 713 lapsum
700 673 921 713 plurimorum
940 683 981 703 ex

138 727 233 758 facta
256 726 344 758 aeris
372 725 573 762 infectione,
605 731 672 757 turn
705 726 806 757 etiam
838 731 982 767 propter

138 779 348 822 prodicionis
366 778 519 815 latibula,
535 778 569 809 in
587 789 646 810 eos
661 779 797 821 quesita
815 790 876 820 per
892 789 981 815 eum,

137 843 207 864 non
229 838 345 863 tamen
369 842 428 863 eos
451 831 612 868 latericia,
643 832 782 864 iniectis
813 831 981 874 aliquibus

139 885 322 918 concordii
338 884 516 917 tenoribus
531 885 621 917 inter
633 885 744 926 ipsum
758 891 792 916 et
805 885 980 916 dominum

140 939 381 971 Bernabonem
406 939 468 971 sub
493 949 554 980 spe
587 939 693 969 multa
716 938 883 976 habendi,
915 948 981 980 que

138 993 312 1035 cupiebat,
329 992 616 1035 clandestineque
634 997 854 1027 tractaverat,
868 997 902 1022 et
916 991 982 1022 hoc

137 1048 217 1079 ideo
250 1046 409 1079 dominus
432 1047 506 1088 ipse
532 1045 708 1077 Bernabos
738 1045 884 1087 grandia
915 1044 981 1086 ipsi

137 1101 313 1142 pollicitus
330 1107 390 1132 est.
421 1099 550 1142 Sicque
566 1099 789 1140 suprarelatis
804 1097 886 1128 hinc
900 1097 979 1128 inde

139 1154 297 1192 firmatis,
322 1154 511 1195 imperator
527 1153 602 1194 ipse
620 1162 639 1182 a
656 1152 729 1182 solo
748 1157 780 1181 et
796 1151 875 1182 loco
893 1161 987 1181 man-

138 1214 244 1239 tuano
270 1206 439 1243 discessit,
464 1205 634 1237 Mutinam
658 1204 900 1246 proficiscens,
927 1203 985 1235 ubi

140 1261 299 1292 edixerat
323 1271 399 1292 cum
425 1259 664 1301 colligatorum
695 1257 927 1299 disposicione
950 1267 985 1288 se

139 1313 254 1346 omnia
279 1320 468 1355 pacturum.
512 1312 670 1353 Dumque
688 1311 733 1342 ibi
752 1317 858 1343 staret
874 1310 984 1341 ferme

140 1379 158 1399 a
182 1368 250 1398 suis
275 1366 431 1398 omnibus
455 1365 655 1405 derelictus,
681 1371 715 1396 et
743 1364 846 1396 etiam
878 1374 897 1394 a
930 1363 988 1395 sti-

138 1420 328 1463 pendiariis
350 1421 493 1452 heroum
520 1419 673 1457 aliorum,
698 1425 733 1450 et
755 1424 792 1448 ut
822 1418 986 1449 inchoata

138 1476 330 1516 perficeret
351 1473 471 1516 gracia
502 1472 653 1504 habendi
679 1471 838 1514 promissi
867 1482 886 1502 a
909 1481 988 1512 pre-

138 1528 212 1560 side
237 1527 487 1559 mediolanensi
513 1533 547 1558 et
569 1525 755 1558 veronensi
787 1525 988 1556 accivisset-

139 1593 206 1624 que
230 1592 272 1613 ex
289 1581 355 1613 hoc
373 1580 614 1623 colligatorum
633 1579 791 1618 nuncios,
808 1578 866 1609 ubi
885 1579 985 1609 etiam

139 1641 212 1667 erat
231 1633 417 1666 cardinalis
440 1633 633 1673 iamdictus,
659 1632 717 1674 qui
736 1642 922 1673 numquam
943 1631 987 1663 ab

140 1698 181 1720 eo
206 1688 422 1725 discesserat,
447 1686 538 1724 fatis,
574 1686 749 1727 quomodo
774 1685 904 1722 nescio,
936 1685 987 1716 di-

138 1740 375 1784 sponentibus,
400 1750 441 1772 eo
466 1740 570 1781 quod,
587 1739 640 1770 his
658 1738 821 1780 peractis,
840 1738 986 1780 patriam

138 1802 297 1838 repetere
321 1794 371 1826 sic
394 1793 534 1825 inermis
558 1798 736 1829 statuerat,
753 1802 986 1834 supervenere

139 1849 183 1881 ad
207 1859 285 1880 eum
303 1847 413 1890 pisani
431 1847 534 1891 legati
553 1847 690 1878 nomine
712 1846 844 1878 domini
861 1846 987 1877 Iohan-

138 1903 190 1934 nis
215 1903 259 1934 de
284 1901 469 1944 l’Agnella,
501 1901 600 1932 cuius
630 1900 743 1942 primo
774 1899 810 1931 in
843 1900 986 1931 Boemia

138 1955 283 1988 nuncios
305 1955 378 1986 sine
402 1965 463 1995 spe
488 1953 557 1985 ulla
582 1954 765 1995 petitorum
791 1953 864 1994 ipse
885 1952 987 1983 remi-

138 2014 240 2046 serat,
270 2018 363 2039 nunc
395 2007 531 2048 pacturi
556 2017 673 2038 secum
705 2017 809 2047 super
830 2005 985 2037 dominio

139 2061 275 2094 urbium
300 2060 456 2092 Pisarum
481 2066 515 2092 et
539 2061 646 2096 Luce,
677 2066 714 2091 ut
737 2059 821 2091 illuc
853 2059 924 2100 ipse
949 2069 986 2090 se

139 2115 360 2148 transferret.
408 2112 479 2150 Qui
503 2114 565 2145 sub
590 2124 650 2155 spe
668 2113 827 2156 potiundi
844 2123 911 2155 que
930 2123 989 2144 cu-

140 2168 268 2210 piebat,
292 2167 420 2210 gaudio
444 2167 551 2199 tacito
576 2177 644 2198 non
677 2167 855 2199 modicum
882 2167 988 2198 exila-

139 2228 243 2260 ratus,
267 2220 376 2264 quasi,
402 2231 468 2263 que
493 2220 645 2262 petebat,
669 2220 847 2262 pollicitus
863 2226 915 2252 est
931 2230 988 2252 ce-

140 2275 261 2318 pitque
285 2274 444 2306 solertius
465 2273 591 2306 instare
609 2275 705 2306 circa
721 2273 864 2305 finalem
884 2284 987 2315 expe-

141 2328 314 2360 dicionem
338 2338 462 2365 rerum,
488 2339 554 2370 que
580 2328 708 2370 agitate
733 2332 831 2358 erant
855 2333 889 2358 et
912 2328 985 2368 agi-

141 2381 310 2419 tabantur,
342 2381 525 2412 meditatus
555 2381 636 2412 illuc
660 2380 868 2422 premictere
893 2380 988 2412 Mar-

141 2434 309 2477 quardum
336 2445 487 2471 suevum,
510 2434 575 2466 sibi
596 2434 720 2466 obnixe
737 2433 912 2472 dilectum,
931 2444 987 2465 ec-

141 2488 246 2520 clesie
271 2487 507 2529 aquilegensis
531 2488 735 2524 antistetem,
753 2487 813 2528 qui
831 2487 984 2518 locorum

141 2542 277 2573 illorum
301 2541 394 2573 viros
418 2539 532 2572 verbis
556 2551 608 2578 ac,
624 2541 650 2572 si
669 2551 755 2582 opus
780 2546 882 2579 esset,
907 2552 986 2583 pro-

141 2595 358 2627 missionibus
382 2594 662 2626 circumveniret.
708 2594 770 2626 Set
786 2595 925 2627 interim
949 2606 985 2626 re

142 2649 208 2680 hac
233 2648 330 2690 quasi
355 2648 449 2679 sacta
474 2659 587 2686 manu,
604 2647 711 2690 legati
729 2648 786 2679 alii
802 2648 909 2690 ipsius
926 2648 988 2679 do-

141 2701 224 2732 mini
248 2701 411 2733 Iohannis
435 2701 477 2732 de
493 2700 668 2744 l’Agnella
683 2701 729 2732 ad
745 2701 986 2743 imperatorem

142 2764 388 2797 supervenere,
427 2754 566 2796 primos,
605 2755 663 2796 qui
704 2754 832 2786 ibidem
872 2755 987 2787 adhuc

143 2813 252 2845 erant,
279 2808 476 2840 revocaturi
506 2808 786 2850 excusaturique,
819 2808 911 2850 quod
943 2808 988 2839 ad

142 2861 252 2902 ipsum
276 2871 319 2891 ex
348 2871 384 2892 se
410 2868 641 2902 accesserant,
666 2861 818 2903 ipsorum
847 2861 988 2893 domino

231 2981 273 3006 34.
293 2974 426 3006 petiundl
445 2975 482 2998 M

1053 832 1088 862 10

1053 1098 1087 1129 15

1049 1365 1091 1395 20

1050 1900 1090 1930 30

1050 2434 1090 2464 40

1051 2698 1089 2730 45

1469 335 1608 367 REDAz.
1633 336 1663 366 D

1232 407 1306 438 283.
1332 424 1372 429 ——
1397 405 1575 449 Stagando
1594 407 1827 448 l'imperador‚
1845 420 1943 441 corno
1968 409 1985 440 ὲ

1141 460 1284 502 scripto,
1307 460 1358 491 sul
1386 466 1502 491 terren
1531 466 1692 492 mantoan
1725 468 1758 492 et
1789 463 1986 503 vecandose

1143 515 1186 546 de
1211 512 1246 545 dl
1269 514 1304 544 in
1330 514 1364 544 di
1389 524 1483 545 esser
1506 513 1691 544 abandonit
1716 515 1771 545 dai
1797 526 1833 546 so
1859 517 1987 547 chava-

1142 567 1219 599 lieri
1244 573 1278 598 et
1300 567 1434 604 baroni,
1459 566 1484 597 si
1509 566 1639 607 percli'e
1665 566 1730 598 ello
1754 578 1797 598 no
1821 569 1854 598 ie
1872 568 1983 600 obser-

1143 632 1230 652 vava
1253 621 1382 663 quello,
1403 621 1467 652 che
1486 621 1554 651 ello
1579 621 1609 651 ie
1635 621 1745 650 havea
1762 631 1936 661 promesso
1954 622 1986 652 in

1145 674 1348 716 Alemagna.
1374 674 1398 705 si
1419 684 1482 715 per
1505 673 1589 705 l'aer
1611 674 1754 710 infecta,
1778 675 1868 705 onde
1893 676 1987 706 molti

1143 739 1186 759 ne
1213 728 1420 769 deschacea‚
1443 726 1471 759 si
1496 728 1651 759 etiandio
1676 738 1737 768 per
1761 727 1771 758 i
1791 728 1986 759 tradirnonti

1145 782 1267 819 aseosi,
1300 782 1363 812 che
1400 782 1468 813 ello
1500 792 1649 813 cercava
1683 781 1717 811 in
1751 780 1819 818 elli,
1854 781 1863 811 i
1897 782 1986 823 quali

1145 846 1189 866 no
1214 835 1225 865 i
1244 845 1304 866 era
1319 835 1446 876 ignari,
1466 834 1631 876 comencb
1649 833 1765 875 alguni
1784 834 1892 865 tenori
1918 835 1989 865 d'a—

1145 889 1252 920 cordo
1284 888 1374 919 intra
1404 888 1453 919 lui
1486 894 1520 920 et
1551 887 1675 920 mesier
1703 886 1862 918 Bernabo
1894 893 1988 919 socto

1145 952 1316 984 speranca
1341 941 1384 972 de
1410 942 1518 972 haver
1534 941 1639 973 molte
1657 950 1747 981 cose,
1765 941 1829 971 che
1846 940 1912 972 ello
1929 942 1988 972 de-

1144 996 1271 1031 sirava,
1295 1001 1329 1026 et
1354 1000 1591 1026 ascosamente
1615 995 1724 1025 havea
1740 994 1862 1029 tracta,
1880 1000 1911 1025 et
1928 1004 1989 1035 per

1145 1054 1267 1090 questo
1293 1048 1409 1079 misier
1434 1046 1592 1079 Bernabo
1608 1047 1640 1078 ie
1664 1052 1887 1088 promecteva
1904 1058 1988 1089 gran

1145 1112 1236 1134 cose.
1262 1102 1305 1132 Et
1322 1100 1393 1133 cosi
1411 1101 1568 1133 fermade
1586 1100 1617 1132 le
1635 1110 1714 1132 cose
1732 1101 1928 1132 sovradicte
1946 1101 1990 1132 da

1143 1166 1212 1187 una
1233 1161 1330 1196 parte
1348 1145 1381 1186 et'
1398 1156 1443 1186 da
1460 1154 1586 1191 l’altra,
1604 1153 1827 1195 l'imperador
1843 1165 1879 1184 se
1900 1154 1990 1195 parti

1145 1209 1202 1241 del
1228 1214 1391 1240 mantoan
1417 1215 1449 1240 et
1474 1207 1641 1240 cavalchb
1659 1219 1677 1239 a
1695 1207 1858 1244 Modemv,
1876 1206 1907 1238 0'
1924 1208 1989 1238 che

1146 1263 1213 1294 ello
1236 1263 1348 1293 havea
1374 1262 1467 1294 dicto
1493 1263 1559 1293 che
1586 1262 1653 1293 ello
1672 1261 1793 1291 farave
1811 1261 1891 1303 ogni
1908 1271 1990 1291 cosa

1146 1326 1212 1348 con
1237 1315 1453 1356 disposicion
1473 1315 1509 1346 di
1528 1314 1704 1357 colligadi,
1721 1320 1756 1346 et
1771 1314 1940 1355 stagando
1957 1313 1989 1350 li,

1146 1370 1178 1401 el
1202 1369 1239 1400 fo
1265 1369 1363 1411 quasi
1388 1368 1570 1401 abandona
1595 1369 1638 1400 da
1655 1368 1734 1399 tutti
1750 1368 1759 1397 i
1777 1378 1813 1398 so
1832 1373 1865 1397 et
1883 1367 1990 1398 etian-

1146 1423 1203 1454 dio
1229 1422 1320 1454 dalle
1337 1429 1440 1464 gente
1458 1421 1514 1452 dei
1532 1420 1610 1451 altri
1629 1419 1766 1462 signori.
1799 1419 1843 1449 Et
1861 1419 1988 1460 acoche

1146 1476 1214 1507 ello
1240 1475 1424 1517 complisse
1450 1473 1576 1514 quello,
1609 1473 1672 1504 che
1699 1472 1765 1503 ello
1798 1472 1907 1503 havea
1932 1482 1987 1504 co-

1146 1529 1275 1572 menca,
1293 1535 1326 1560 et
1344 1539 1405 1570 per
1431 1529 1538 1559 haver
1556 1528 1587 1557 la
1604 1536 1780 1567 promessa
1799 1525 1854 1556 dal
1872 1525 1990 1567 signor

1147 1582 1189 1614 de
1214 1582 1322 1614 Milan
1346 1588 1380 1614 et
1407 1583 1449 1613 da
1476 1580 1591 1622 quello
1618 1580 1662 1610 da
1681 1579 1832 1616 Verona,
1864 1586 1897 1610 et
1928 1590 1991 1620 per

1146 1642 1267 1677 questo
1292 1635 1359 1667 ello
1384 1635 1530 1666 havesse
1556 1629 1737 1663 c'niamado
1762 1630 1989 1661 iambaxaori

1146 1690 1181 1721 di
1206 1689 1346 1730 colliga,
1371 1690 1401 1719 o'
1428 1685 1590 1719 eciandio
1617 1694 1675 1714 era
1699 1684 1731 1714 el
1755 1683 1990 1725 sovrascripto

1148 1743 1324 1779 cardenal,
1349 1742 1380 1773 el
1405 1740 1485 1784 qual
1511 1750 1554 1770 no
1579 1748 1616 1769 se
1641 1747 1699 1768 era
1727 1736 1792 1766 mai
1825 1736 1914 1777 parti
1947 1736 1991 1768 da

1146 1794 1223 1830 ello,
1248 1804 1292 1825 no
1320 1803 1357 1824 so
1391 1802 1490 1824 como
1523 1789 1750 1831 desponando
1776 1789 1807 1821 la
1839 1790 1991 1827 fortuna,

1145 1847 1287 1890 perche,
1305 1848 1400 1878 facte
1417 1851 1536 1888 queste
1555 1854 1644 1880 cose,
1662 1843 1730 1875 ello
1748 1854 1785 1874 se
1801 1844 1912 1874 havea
1931 1843 1990 1874 de-

1145 1907 1263 1943 sposto
1287 1901 1330 1932 de
1356 1907 1472 1932 tornar
1496 1910 1515 1929 a
1547 1908 1628 1929 casa
1651 1897 1721 1928 cosi
1751 1907 1853 1937 senca
1884 1905 1991 1934 ferme,

1146 1955 1177 1986 el
1209 1964 1253 1997 ge
1277 1963 1491 1985 sovravenne
1516 1951 1714 1983 ambaxaori
1746 1952 1788 1981 da
1820 1950 1898 1981 Pisa
1929 1959 1992 1991 per

1145 2019 1245 2039 nome
1263 2008 1306 2039 de
1324 2007 1440 2038 misier
1457 2005 1598 2047 Cuanne
1618 2004 1862 2045 dall⁷Agnella.
1894 2003 1991 2034 Iam-

1145 2061 1287 2093 baxaori
1312 2061 1368 2092 del
1393 2059 1472 2101 qual
1499 2058 1566 2089 ello
1602 2058 1711 2088 havea
1738 2057 1780 2100 ca
1804 2056 1910 2098 prima
1936 2068 1991 2087 re-

1146 2114 1271 2147 manda
1295 2114 1337 2144 de
1363 2112 1505 2144 Boemia
1533 2122 1638 2153 senca
1671 2111 1797 2153 alguna
1825 2121 1992 2153 speranca

1148 2168 1190 2199 de
1223 2167 1351 2209 quello,
1383 2166 1447 2197 che
1481 2165 1535 2196 elli
1570 2165 1678 2195 havea
1712 2164 1900 2195 domanda:
1925 2164 1991 2194 mo'

1145 2220 1288 2263 vignudi
1312 2230 1376 2261 per
1399 2226 1564 2261 pactecar
1584 2228 1647 2249 con
1668 2217 1713 2248 lui
1730 2228 1830 2249 sovra
1848 2218 1879 2248 el
1899 2218 1991 2249 facto

1147 2275 1238 2306 della
1255 2274 1408 2316 signoria
1433 2274 1477 2304 de
1502 2271 1580 2302 Pisa
1606 2277 1639 2302 et
1663 2272 1706 2302 de
1731 2271 1840 2309 Luca,
1859 2270 1990 2313 acoclie

1146 2329 1167 2360 ’1
1191 2328 1287 2360 dicto
1303 2327 1500 2368 imperador
1523 2325 1668 2356 andasse
1686 2324 1727 2356 la.
1761 2324 1802 2355 El
1820 2324 1898 2365 qual
1916 2333 1992 2355 soc-

1146 2387 1179 2413 to
1203 2390 1371 2422 speranca
1397 2380 1438 2410 de
1465 2379 1570 2410 haver
1596 2378 1722 2420 quello,
1748 2379 1812 2409 che
1838 2378 1904 2409 ello
1930 2378 1990 2409 de-

1144 2435 1269 2470 sirava‚
1291 2433 1389 2475 ‚quasi
1413 2432 1592 2474 promecte
1619 2432 1746 2474 quello,
1765 2432 1830 2463 che
1847 2431 1990 2462 doman-

1146 2487 1234 2519 dava
1258 2486 1290 2517 el
1315 2486 1408 2518 dicto
1434 2485 1557 2516 mesier
1581 2486 1725 2530 §Juanne
1743 2484 1990 2526 dall’Agnella,

1147 2548 1182 2573 et
1204 2540 1368 2582 comenco
1392 2539 1499 2570 allora
1524 2548 1590 2570 con
1614 2539 1675 2580 piu
1699 2537 1921 2570 solicitudine
1945 2538 1990 2568 ad

1145 2595 1252 2625 instar
1287 2593 1412 2624 cercha
1447 2592 1478 2623 el
1514 2592 1601 2622 final
1638 2598 1862 2634 spacamento
1898 2590 1990 2622 delle

1145 2658 1237 2683 cose,
1262 2646 1325 2677 che
1350 2656 1409 2676 era
1433 2646 1589 2677 tractade
1615 2651 1648 2677 et
1674 2646 1737 2676 che
1763 2655 1798 2675 se
1822 2650 1990 2676 tractava.

1147 2701 1190 2732 Et
1214 2700 1242 2731 si
1266 2710 1301 2730 se
1326 2699 1436 2729 havea
1460 2699 1567 2740 pensa
1591 2699 1635 2730 de
1660 2698 1802 2730 mandar
1833 2697 1947 2740 inanci
1973 2708 1992 2728 a

1146 2754 1224 2787 Pisa
1255 2759 1289 2784 et
1321 2764 1341 2784 a
1372 2752 1494 2784 Lucha
1530 2752 1742 2794 Marquardo
1778 2751 1821 2783 de
1853 2749 1992 2788 Soavia,

1146 2807 1396 2849 specialmente
1416 2805 1539 2837 amado
1557 2806 1598 2836 (la
1615 2806 1674 2842 lui,
1691 2805 1891 2846 patriarcba
1908 2803 1992 2835 d’A-

1148 2860 1248 2903 golia,
1273 2860 1304 2890 el
1329 2860 1408 2901 qual
1433 2859 1543 2900 piasse
1570 2869 1634 2890 con
1661 2858 1776 2899 parole
1796 2859 1803 2888 i
1822 2858 1927 2888 omini
1948 2858 1991 2889 de
