2346 3597
11 819 50 851 10

19 1195 48 1222 15

11 1640 44 1666 25

11 1862 46 1890 30

10 2085 44 2112 35

15 2817 47 2836 10

434 200 607 235 GESTA
636 199 938 234 MAGNIFICA
966 198 1150 234 DOMUS
1180 198 1363 233 CARRA
1370 199 1572 234 RIENSIS

80 332 188 364 haver
216 332 357 373 compra
379 331 506 374 algune
530 331 692 362 masuarie
716 335 750 361 et
773 340 852 362 case
869 329 913 361 da
929 340 975 360 un

69 385 233 416 uRainero
257 385 313 417 dal
330 384 474 417 castello
491 384 534 416 de
551 383 777 426 Montagn0n‚
795 393 896 415 como
913 393 976 424 per

79 437 331 470 l'instrumento
355 447 392 469 se
409 437 667 479 comprehende
687 447 752 478 qua
770 436 868 478 giuso
885 442 974 468 sotto

1028 330 1134 372 patris
1165 339 1290 361 nomen
1320 329 1438 367 fuerit,
1468 329 1633 370 scriptum
1674 341 1743 363 non
1778 332 1927 372 reperio,

1026 383 1089 415 sed
1113 389 1228 415 tamen
1252 393 1272 414 a
1295 382 1512 424 magnatibus
1536 383 1618 423 ipsis
1634 384 1677 414 de
1704 389 1818 415 castro
1843 383 1926 415 Car-

1027 436 1118 468 rarie
1135 436 1304 478 originem
1321 435 1461 466 traxisse
1478 445 1672 477 magnoque
1695 437 1789 478 apud
1805 436 1927 469 Carra-

1027 491 1156 521 rienses
1172 490 1258 521 alios
1269 494 1424 530 sumptus
1438 489 1569 520 honore
1582 501 1589 525 ;
1606 489 1662 520 hic
1675 490 1927 530 possessionum

1029 543 1216 584 emptione,
1234 542 1316 574 licet
1332 542 1376 573 de
1396 541 1498 573 unica
1523 541 1579 573 hic
1601 542 1675 583 ipse
1699 542 1926 582 conscribam,

1028 602 1190 637 paternas
1205 595 1381 637 ampliavit
1404 604 1501 636 opes,
1525 594 1621 626 cuius
1643 594 1829 636 emptionis
1845 601 1927 626 tem-

1027 659 1102 690 pus,
1125 648 1290 680 videlicet
1312 658 1403 680 anno
1427 648 1566 679 Domini
1599 647 1781 678 millesimo
1814 654 1928 679 cente-

1027 701 1123 739 simo,
1141 707 1175 732 et
1190 701 1315 733 notarii
1332 712 1457 733 nomen
1471 707 1504 732 et
1520 701 1784 732 instrumentum
1802 701 1926 733 notarii

1026 755 1135 795 ipsius
1165 755 1262 796 signo
1286 759 1321 786 et
1344 754 1489 785 testibus
1517 753 1727 791 roboratum,
1754 753 1812 785 hic
1836 753 1927 784 inira

1027 814 1064 839 ut
1087 807 1224 849 legitur,
1247 806 1322 848 ipse
1345 806 1546 849 subscripsi.

79 490 220 532 scripto.

1117 915 1168 945 11.
1191 931 1234 935 —
1254 913 1519 945 Instrumentum
1544 913 1795 955 possessionum
1820 914 1927 946 confi-

1027 966 1120 998 nium
1145 965 1363 1008 Bradepalee
1381 972 1573 1008 emptarum
1591 977 1654 1008 per
1673 966 1854 998 Millonem
1879 967 1922 998 de

1026 1025 1139 1051 castro
1173 1019 1334 1051 Carraria
1365 1030 1384 1050 a
1413 1019 1590 1062 Raynerio
1623 1030 1654 1062 q.
1687 1020 1856 1063 Raynerii
1881 1020 1924 1051 de

1025 1073 1272 1115 Montagnone.

170 916 218 948 11.
246 933 289 938 —
317 915 550 946 Instrumento
582 913 659 945 dele
690 913 883 955 possession
915 914 974 945 del

79 969 197 1002 contin
215 969 258 1000 de
275 967 482 1009 Bradepaia,
495 967 681 1008 comprade
699 976 762 1008 per
775 966 898 998 Millon
915 966 971 998 dal

78 1022 220 1055 castello
245 1022 288 1053 de
313 1021 460 1053 Carrara
492 1021 536 1052 da
560 1020 716 1052 Rainero
748 1019 805 1051 dal
829 1019 971 1051 castello

78 1076 122 1108 de
146 1074 362 1117 Montagnon
377 1073 399 1106 ¹.

168 1196 199 1220 In
221 1197 338 1220 nomine
356 1195 410 1218 Dei
429 1195 530 1218 eterni.
567 1193 655 1216 Anno
675 1193 708 1216 ab
729 1193 934 1217 incarnacione
954 1193 1067 1218 domini
1096 1195 1188 1217 nostri
1209 1194 1291 1218 Ihesu
1318 1193 1430 1218 Christi
1457 1194 1612 1218 millesimo
1633 1195 1798 1224 centesimo,
1820 1196 1923 1218 octavo

78 1242 134 1265 kal.
153 1241 296 1268 octubras,
316 1239 405 1263 indic.
424 1240 535 1262 octava.
573 1237 696 1262 Constat
716 1244 759 1261 me
780 1238 961 1269 Raynerium‚
980 1238 1072 1263 filium
1092 1239 1238 1262 cuiusdam
1258 1239 1398 1270 Rainerii,
1411 1240 1445 1263 de
1464 1241 1559 1263 castro
1577 1238 1785 1270 Montagnone,
1799 1240 1847 1271 qui
1862 1246 1923 1270 pro-

77 1287 165 1310 fessus
185 1292 245 1309 sum
264 1292 298 1308 ex
319 1284 438 1307 nacione
458 1289 517 1306 mea
538 1282 599 1313 lege
619 1283 715 1305 vivere
736 1282 1001 1314 Longobardorum,
1015 1283 1164 1314 accepisse,
1185 1283 1258 1307 sicut
1272 1284 1301 1306 in
1317 1285 1464 1316 presencia
1484 1285 1599 1307 testium
1614 1285 1718 1315 accepi,
1733 1292 1748 1307 a
1762 1286 1789 1308 te
1801 1284 1925 1307 Millone

78 1330 112 1354 de
131 1331 223 1354 castro
243 1329 375 1353 Carrarie
389 1328 463 1350 inter
476 1328 624 1358 argentum
639 1329 665 1350 et
679 1327 767 1350 aliam
782 1334 839 1350 rem
853 1327 995 1351 valentem
1011 1328 1098 1351 libras
1120 1328 1240 1359 triginta
1255 1327 1437 1352 denariorum
1452 1330 1652 1352 veronensium
1667 1328 1778 1352 finitum
1792 1329 1924 1360 predum,

77 1376 150 1399 sicut
170 1375 244 1397 inter
263 1379 315 1396 nos
335 1373 480 1400 convenit,
501 1379 552 1403 pro
573 1371 746 1395 massaritiis
766 1371 873 1395 duabus
894 1371 955 1395 illis
978 1373 1048 1406 juris
1070 1372 1134 1401 mei,
1154 1379 1222 1403 quas
1242 1372 1344 1396 habere
1361 1374 1389 1396 et
1409 1373 1555 1404 possidere
1574 1373 1651 1397 visus
1671 1380 1732 1396 sum
1747 1373 1823 1396 infra
1836 1373 1922 1397 comi-

79 1421 168 1443 tatum
187 1418 354 1450 patavinum
374 1419 401 1440 et
421 1417 450 1440 in
471 1416 535 1440 loco
556 1418 583 1440 et
605 1416 694 1439 fundo
715 1416 897 1448 Bradepa1ea,
917 1418 944 1440 et
965 1417 995 1440 in
1021 1417 1081 1441 eius
1101 1417 1205 1441 finibus
1231 1419 1259 1441 et
1283 1418 1450 1447 territoriis,
1475 1425 1527 1449 que
1553 1419 1619 1441 sunt
1645 1420 1718 1441 recte
1742 1419 1771 1442 et
1796 1417 1924 1442 laborate

77 1461 173 1495 per**
184 1461 230 1490 **,
244 1461 336 1494 prima
356 1462 429 1485 sicut
448 1462 491 1485 est
511 1461 626 1485 detenta
646 1462 674 1484 et
694 1460 823 1484 laborata
837 1461 897 1485 dies
911 1460 956 1490 **‚
972 1462 1046 1485 inter
1066 1461 1191 1485 sedimen
1213 1464 1240 1485 et
1260 1462 1353 1486 vineis
1368 1470 1429 1486 cum
1445 1463 1517 1486 areis
1533 1469 1646 1486 suarum
1660 1463 1687 1486 et
1701 1464 1789 1487 terras
1803 1462 1923 1486 arabiles

76 1509 104 1532 et
122 1508 202 1540 prata
223 1507 251 1530 et
269 1505 368 1537 garbas
388 1508 416 1529 et
434 1505 666 1536 busealivas***
678 1505 700 1536 *,
722 1505 843 1529 secunda
863 1513 928 1529 vero
949 1507 1121 1534 massaricia,
1140 1513 1193 1537 que
1206 1506 1342 1530 similiter
1362 1508 1437 1531 recta
1451 1509 1477 1530 et
1490 1506 1618 1530 laborata
1631 1508 1682 1537 est,
1696 1514 1757 1530 cum
1778 1507 1924 1530 sedimini-

76 1553 127 1576 bus
146 1554 173 1576 et
193 1551 286 1575 vineis
305 1553 333 1574 et
354 1551 426 1574 areis
446 1557 558 1574 suarum
579 1557 625 1574 seu
645 1551 730 1573 terris
750 1550 906 1574 arabilibus
927 1552 954 1574 et
976 1551 1072 1582 garbis
1092 1553 1119 1575 et
1139 1551 1295 1575 buscalivis
1316 1550 1433 1575 dies**.
1471 1552 1524 1575 Per
1537 1552 1609 1575 hanc
1624 1553 1728 1575 cartam
1745 1552 1923 1575 venditionis

76 1598 103 1621 et
119 1596 357 1628 supranominato
377 1595 475 1626 precio
494 1595 524 1618 in
545 1597 602 1623 tua,
622 1595 701 1618 cuius
721 1602 805 1626 supra
825 1595 920 1624 Millo,
941 1597 967 1619 et
988 1595 1021 1619 de
1040 1596 1098 1619 tuis
1118 1596 1267 1620 heredibus
1287 1598 1335 1620 aut
1355 1597 1399 1620 cui
1422 1603 1472 1619 vos
1493 1596 1627 1620 dederitis
1648 1598 1816 1629 potestatem
1836 1598 1924 1627 persi-

76 1642 133 1666 stat
151 1641 342 1672 proprietario
360 1641 432 1673 jure,
451 1641 482 1663 ut
502 1639 610 1663 dictum
630 1641 681 1667 est,
701 1640 761 1663 tum
781 1640 916 1671 predictis
937 1640 1009 1663 casis
1029 1645 1057 1664 et
1076 1641 1210 1664 omnibus
1230 1641 1311 1664 rebus
1332 1641 1392 1664 illis
1412 1648 1474 1664 cum
1494 1641 1682 1664 sediminibus
1703 1643 1730 1664 et
1744 1641 1848 1670 vineis,
1861 1648 1922 1664 cum

74 1685 148 1711 areis
167 1693 288 1714 suarum,
308 1685 390 1709 terris
411 1684 577 1713 arabilibus,
597 1684 701 1716 garbis,
722 1686 821 1716 vigriS‚
842 1685 944 1713 vineis,
965 1686 1081 1717 campis,
1107 1687 1205 1717 pratis,
1231 1687 1351 1717 pascuis,
1377 1685 1459 1709 silvis
1480 1687 1507 1710 et
1526 1686 1674 1715 stellariis,
1695 1686 1766 1709 rivis
1791 1693 1823 1710 ac
1844 1687 1922 1717 palu-

75 1730 167 1761 dibus,
185 1729 370 1759 molendinIS,
390 1729 612 1762 piscacionibus,
632 1729 848 1759 venacionibus,
869 1729 956 1754 cultis
976 1732 1003 1753 et
1024 1730 1151 1758 incultis,
1172 1730 1276 1754 divisis
1294 1732 1322 1754 et
1343 1731 1490 1759 indivisis,
1509 1737 1564 1754 una
1582 1738 1644 1754 cum
1658 1730 1768 1760 finibus,
1782 1731 1925 1760 terminis,

75 1775 295 1803 accessionibus,
315 1775 412 1798 usibus
432 1781 566 1804 aquarum
585 1780 776 1805 aquarumque
796 1774 938 1804 ductibus,
959 1782 1021 1798 curn
1043 1776 1122 1798 omni
1142 1776 1212 1807 J'ure‚
1231 1775 1405 1798 adiacenciis
1419 1777 1447 1799 et
1460 1776 1648 1807 pertinenciis
1661 1782 1755 1799 earum
1771 1783 1860 1799 rerum
1876 1782 1924 1806 per

75 1821 138 1844 loca
157 1821 185 1844 et
204 1819 346 1843 vocabula
372 1819 407 1842 ad
427 1819 605 1850 supradictas
626 1819 695 1842 duas
715 1820 894 1842 massaricies
915 1819 1127 1850 pertinentibus
1149 1821 1176 1842 in
1205 1820 1356 1851 integrum.
1395 1818 1473 1847 Quas
1499 1822 1592 1843 autem
1621 1820 1826 1851 suprascriptas
1854 1819 1922 1844 duas

78 1864 255 1889 massaricias
274 1865 346 1897 juris
366 1864 420 1887 mei
441 1864 470 1887 in
490 1863 630 1896 iamdicto
651 1863 722 1892 loco,
740 1864 813 1887 sicut
833 1871 917 1896 supra
938 1864 1052 1896 legitur,
1074 1865 1246 1892 nominatas,
1266 1872 1322 1888 una
1336 1872 1397 1888 cum
1418 1865 1586 1893 accessione,
1606 1865 1786 1896 ingressione
1799 1872 1846 1888 seu
1860 1872 1922 1888 cum

77 1909 268 1941 superioribus
287 1910 315 1933 et
334 1908 524 1933 inferioribus
544 1908 611 1939 suiS,
633 1915 702 1939 quas
721 1909 850 1941 superius
871 1909 985 1940 legitur,
1005 1909 1035 1932 in
1057 1909 1199 1940 integrum
1221 1910 1254 1933 ab
1274 1909 1325 1933 hac
1346 1910 1392 1933 die
1412 1910 1476 1939 tibi,
1500 1910 1545 1933 cui
1572 1916 1655 1941 supra
1680 1909 1775 1937 Millo,
1800 1917 1850 1940 pro
1877 1917 1923 1933 su-

75 1953 236 1987 prascripto
255 1953 351 1986 precio
371 1952 474 1983 vendo,
494 1952 586 1982 trado,
606 1954 764 1984 emancipo,
784 1952 857 1976 nulli
878 1953 931 1976 alii
951 1953 1078 1982 vendita,
1098 1954 1216 1982 donata,
1235 1954 1371 1984 alienata,
1392 1954 1558 1984 obnoxiata,
1579 1954 1623 1977 vel
1643 1954 1750 1977 tradita
1777 1955 1832 1977 nisi
1859 1954 1922 1982 tibi.

75 2000 103 2024 et
123 1999 212 2023 facias
230 1999 332 2022 exinde
352 2006 367 2022 a
385 1998 510 2030 presenti
533 1998 578 2021 die
598 1999 628 2021 tu
648 1999 676 2021 et
695 1997 811 2021 heredes
832 1999 884 2026 tui,
904 1999 953 2021 aut
974 1999 1018 2021 cui
1039 2006 1088 2022 vos
1109 1998 1246 2022 dederitis
1267 2000 1314 2022 aut
1340 1998 1441 2022 habere
1461 1999 1628 2028 statueritis,
1646 1999 1707 2031 jure
1726 1999 1921 2031 proprietario

76 2044 199 2071 nomine,
220 2042 354 2074 quicquid
375 2042 535 2070 volueritis.
555 2043 618 2066 sine
637 2043 715 2065 omni
737 2049 797 2066 mea
817 2043 844 2066 et
863 2042 996 2066 heredum
1017 2050 1142 2066 meorum
1170 2043 1410 2067 contradictione.
1447 2041 1569 2070 Quidem
1595 2043 1723 2076 spondeo
1749 2044 1834 2074 atque
1859 2051 1923 2076 pro-

77 2088 160 2111 mitto
179 2094 239 2120 ego,
260 2088 306 2119 qui
328 2094 412 2119 supra
432 2086 595 2117 Rainerius,
614 2094 670 2110 una
690 2094 753 2110 cum
773 2088 842 2110 meis
862 2087 1014 2111 heredibus
1029 2087 1094 2116 tibi,
1108 2089 1152 2111 cui
1169 2095 1251 2119 supra
1266 2088 1361 2117 Millo,
1381 2089 1493 2119 tuisque
1512 2087 1670 2116 heredibus,
1690 2089 1738 2112 aut
1752 2088 1797 2112 cui
1811 2095 1862 2112 vos
1876 2088 1920 2112 de-

76 2132 175 2156 deritis
195 2132 239 2156 vel
260 2132 361 2155 habere
380 2131 550 2161 statueritis,
570 2133 791 2164 suprascriptam
817 2131 1027 2161 vendicionem,
1047 2133 1170 2164 qualiter
1190 2139 1275 2165 supra
1295 2133 1407 2164 legitur,
1429 2133 1458 2156 in
1483 2133 1625 2164 integrum
1645 2133 1680 2156 ab
1700 2134 1777 2156 omni
1805 2133 1920 2156 homine

77 2177 232 2202 defensare.
270 2175 353 2204 Quod
375 2178 397 2200 si
419 2176 568 2200 defendere
588 2183 646 2200 non
667 2177 852 2208 potuerimus,
872 2179 922 2201 aut
942 2178 964 2200 si
986 2177 1069 2201 vobis
1088 2177 1193 2201 exinde
1211 2177 1319 2208 aliquid
1335 2185 1383 2210 per
1400 2178 1502 2208 quovis
1517 2177 1665 2209 ingenium
1679 2177 1843 2201 subtrahere
1856 2185 1921 2209 que-

76 2221 215 2251 sierimus,
235 2222 302 2245 tunc
321 2222 351 2245 in
371 2221 490 2253 duplum
510 2221 626 2245 eandem
653 2220 863 2251 venditionem,
889 2223 920 2246 ut
939 2229 1022 2253 supra
1043 2222 1158 2253 legitur,
1178 2222 1259 2245 vobis
1286 2223 1477 2252 restituamus,
1503 2222 1577 2245 sicut
1603 2228 1654 2253 pro
1681 2223 1807 2254 tempore
1833 2221 1920 2246 fuerit

75 2265 226 2290 meliorata
245 2268 293 2290 aut
312 2265 437 2289 valuerit
457 2265 507 2289 sub
526 2266 720 2289 extimacione
740 2266 769 2289 in
789 2266 991 2290 consimilibus
1012 2266 1091 2297 locis,
1112 2268 1139 2290 et
1160 2266 1233 2290 nihil
1255 2266 1325 2290 mihi
1346 2274 1379 2290 ex
1402 2268 1464 2297 ipso
1490 2266 1585 2298 precio
1605 2266 1671 2290 dare
1691 2266 1825 2295 debeatis,
1845 2266 1918 2290 dico.

73 2429 175 2454 Errato
195 2430 224 2453 in
237 2430 307 2461 ogni
321 2430 407 2454 modo
422 2428 436 2454 ὲ
455 2430 569 2454 1'a1bero
584 2430 771 2463 genealogieo
786 2431 830 2455 del
845 2431 964 2461 Ceoldo,

72 2473 94 2497 il
114 2471 196 2503 quale
216 2479 289 2504 pone
309 2471 428 2502 Milone,
455 2472 537 2504 figlio
557 2473 585 2496 di
609 2472 755 2502 Artiuci0‚
783 2481 796 2497 e
822 2474 965 2501 Marsilio,

74 2515 180 2539 Uberto
194 2515 226 2538 ed
241 2514 382 2546 Ugolone,
401 2514 461 2546 figli
477 2515 506 2539 di
520 2514 639 2544 Milone,
661 2517 768 2540 mentre
788 2523 968 2548 presuppone

74 2557 188 2586 Enrico,
220 2556 338 2581 fratello
371 2557 399 2580 di
429 2557 546 2587 Enrico,
571 2557 655 2588 quale
680 2559 804 2582 secondo
832 2558 912 2590 figlio
938 2558 983 2582 di,

72 2598 217 2627 Artiucio,
237 2605 286 2630 per
305 2597 333 2621 la
353 2597 535 2627 confusione,
556 2605 641 2630 sopra
668 2599 801 2627 rilevata,
822 2599 865 2623 fra
885 2600 895 2623 i
915 2599 969 2624 due

73 2641 189 2664 membri
211 2639 286 2664 della
306 2640 437 2672 samiglia
457 2648 597 2664 carrarese
618 2641 693 2666 dello
714 2643 804 2665 stesso
820 2649 902 2666 nome
919 2641 967 2675 (esi

72 2691 141 2715 pure
160 2683 322 2714 BRUNACCJ,
346 2683 451 2708 Histor.
466 2685 538 2714 eccl„
551 2683 572 2712 Ι,
586 2683 646 2713 680,
667 2684 684 2708 l.
700 2683 787 2716 XVI).
817 2683 858 2709 Νὲ
872 2686 895 2709 si
911 2684 967 2717 puo

72 2725 215 2749 affermare
234 2726 284 2749 che
304 2725 416 2749 Milone
429 2726 472 2750 sia
486 2728 580 2750 morto
601 2727 701 2750 avanti
717 2727 737 2750 il
754 2725 830 2756 1106,
844 2734 925 2751 come
938 2727 967 2751 fa

72 2768 94 2791 il
114 2767 226 2792 Ceoldo
248 2767 360 2798 (Albero
380 2769 434 2796 cit„
455 2775 481 2800 p.
502 2767 536 2799 8),
557 2767 657 2801 perche
678 2769 723 2792 nel
751 2769 909 2801 privilegio
930 2770 967 2793 se-

73 2810 219 2834 dericiano
239 2817 297 2834 non
317 2808 331 2834 ὲ
351 2811 432 2834 detto
451 2810 501 2834 che
520 2811 545 2834 si
566 2812 647 2835 tratti
669 2811 697 2835 (li
714 2811 819 2835 Enrico
840 2811 878 2835 IV
893 2813 967 2843 piut-

73 2853 151 2875 tosto
171 2852 221 2875 che
240 2852 268 2875 di
295 2851 400 2876 Enrico
427 2852 460 2876 V.
498 2852 584 2877 Certo
604 2860 653 2884 per
679 2860 715 2877 un
742 2860 834 2877 errore
858 2854 967 2878 incom-

74 2893 229 2924 prensibile
249 2894 268 2917 il
288 2894 436 2925 Vergerio,
455 2894 504 2918 che
524 2895 637 2927 attinge
651 2902 700 2926 per
725 2895 905 2928 quest'epoca
925 2896 968 2919 di-

75 2935 241 2958 rettamente
261 2936 286 2959 ai
308 2937 400 2959 nostri
421 2936 499 2966 testi,
518 2937 545 2960 al
561 2944 643 2960 nome
657 2937 899 2968 dell’imperatore
912 2937 967 2961 En-

75 2978 136 3002 rico
156 2977 272 3002 sostitui
293 2978 389 3009 quello
409 2979 437 3003 di
460 2979 590 3004 Corrado
616 2980 658 3004 11:
685 2981 796 3009 insatti,
823 2981 967 3005 riserendo

1020 2431 1045 2455 le
1066 2431 1163 2463 parole
1183 2431 1228 2455 del
1248 2432 1421 2455 documento
1443 2431 1627 2459 federiciano,
1647 2432 1757 2455 scrive:
1785 2431 1798 2444 ¹‘
1811 2432 1859 2463 qui
1887 2432 1917 2455 in

1023 2474 1035 2487 “
1050 2475 1179 2498 serviciis
1199 2475 1407 2506 predecessoris
1429 2475 1482 2504 sui,
1502 2473 1615 2497 scillcet
1642 2473 1769 2498 Conradi
1791 2474 1918 2504 secundi,

1025 2516 1216 2540 “constanter
1244 2516 1419 2547 fideliterque
1438 2516 1513 2540 obiit
1530 2535 1550 2546 „.
1589 2515 1629 2540 Ed
1656 2523 1787 2540 osserva:
1819 2516 1918 2540 “Haec

1023 2559 1109 2592 “ipsa
1130 2560 1211 2582 verba
1232 2559 1345 2582 decreto
1366 2559 1473 2582 inserta
1493 2560 1559 2582 sunt
1570 2575 1595 2590 η.
1632 2558 1727 2587 Forse,
1756 2558 1918 2583 nell'incer-

1023 2603 1098 2625 tezza
1118 2601 1191 2625 delle
1211 2601 1285 2629 date,
1311 2600 1497 2632 l’apologista
1524 2607 1666 2624 carrarese
1692 2600 1728 2624 ha
1750 2601 1850 2625 voluto
1877 2608 1919 2624 ac-

1022 2650 1144 2667 crescere
1174 2642 1335 2666 l'antichita
1358 2643 1433 2666 della
1459 2643 1591 2674 famiglia
1618 2642 1667 2674 (cf.
1694 2643 1853 2672 VERGERH,
1874 2644 1917 2667 De

1016 2686 1194 2716 principibus,
1214 2685 1256 2708 cd.
1277 2686 1334 2713 cit„
1355 2692 1380 2716 p.
1401 2684 1437 2715 7).

1110 2727 1161 2751 ¹11
1188 2728 1359 2751 documento
1386 2727 1417 2751 su
1442 2727 1610 2759 pubbllcato
1637 2728 1682 2751 dal
1710 2726 1814 2751 Gloria
1842 2726 1917 2757 (Cod.

1021 2770 1096 2800 dipl„
1116 2770 1136 2800 Ι,
1157 2768 1216 2802 358,
1239 2777 1265 2793 n.
1285 2768 1347 2801 337)
1367 2776 1417 2800 per
1453 2770 1558 2793 stratto
1578 2769 1760 2801 togliendelo
1780 2770 1826 2793 dal
1848 2770 1917 2793 Bru-

1021 2813 1109 2840 nacci,
1131 2812 1150 2835 il
1178 2812 1260 2843 quale
1288 2812 1316 2835 lo
1343 2811 1461 2836 desunse
1486 2811 1693 2835 dall’archivio
1713 2811 1860 2843 Papafava
1887 2812 1915 2835 di

1020 2855 1047 2879 S⁴
1071 2854 1228 2878 Giovanni.
1267 2854 1329 2878 Non
1357 2854 1464 2878 sembra
1491 2852 1558 2885 pero
1577 2854 1628 2878 ehe
1652 2854 1673 2878 il
1700 2854 1841 2885 diligente
1860 2856 1916 2878 sto-

1019 2898 1079 2920 rico
1099 2897 1263 2926 disponcsse
1283 2895 1503 2927 dell'originale,
1529 2894 1631 2928 poiche
1656 2896 1733 2919 nella
1757 2904 1807 2920 sua
1827 2898 1916 2920 storia

1021 2946 1078 2962 non
1096 2939 1123 2962 sa
1136 2939 1278 2962 allusione
1293 2938 1348 2962 alla
1364 2939 1465 2962 natura
1483 2938 1671 2970 diplomatica
1685 2938 1729 2962 del
1744 2938 1917 2962 documento

1021 2983 1119 3005 stesso.

1949 2436 1978 2461 15

1947 2658 1980 2674 20
