2346 3597
719 103 890 138 GESTA
919 103 1224 138 MAGNIFICA
1255 103 1439 139 DOMUS
1467 105 1570 139 CAR
1578 105 1860 142 RARIENSIS

364 235 513 265 stulamnt,
525 237 556 258 ut
566 243 613 258 eos
625 236 658 258 de
669 235 786 266 honore,
804 235 898 265 feudo,
912 236 1017 260 debitis
1031 238 1059 260 et
1072 236 1260 268 pertinenciis
1274 235 1448 266 eorumdem,
1459 243 1512 267 que
1522 237 1666 268 quondam
1680 239 1762 270 pater
1774 244 1871 262 eorum
1884 238 1918 262 ab
1930 239 2051 270 imperio
2063 241 2203 269 tenuerat,

364 280 502 303 investire
522 279 555 303 de
575 280 759 304 liberalitatis
786 282 881 304 nostre
907 280 1126 311 magnificentia
1151 280 1342 312 dignaremur,
1366 287 1426 308 nos,
1454 281 1719 313 supplicationibus
1745 282 1805 305 suis
1832 282 2033 307 favorabiliter
2058 284 2205 315 inclinati,

363 323 505 355 predictos
526 323 714 355 Anthonium,
736 325 848 348 Petrum
869 326 895 348 et
915 324 1079 353 Hernicum,
1100 324 1211 353 fratres,
1230 324 1331 348 fideles
1352 326 1476 353 nostros,
1496 325 1528 348 de
1547 325 1666 353 honore,
1683 327 1761 358 Justo
1775 325 1861 350 feudo
1874 327 2035 358 eisdemque
2053 327 2159 352 debitis
2177 330 2206 352 et

363 368 550 400 pertinenciis
569 368 636 396 suis,
657 368 730 392 sicut
748 369 890 399 quondam
911 371 992 400 pater
1010 375 1106 392 eorum
1122 369 1154 392 ab
1169 368 1290 400 imperio
1305 368 1488 400 dignoscitur
1501 370 1635 398 tenuisse,
1650 371 1820 393 investimus
1840 370 1874 393 de
1893 372 1989 394 nostre
2002 371 2098 402 gracia
2117 372 2205 396 maie-

362 412 456 441 statis,
474 414 586 443 recepto
606 420 657 444 pro
676 415 755 444 parte
776 413 902 444 ipsorum
924 420 938 436 a
958 413 1062 436 Iacobo
1078 413 1110 436 de
1125 411 1268 441 Carraria,
1285 412 1367 436 fideli
1382 414 1492 442 nostro,
1512 415 1615 444 patruo
1628 413 1800 443 eorumdem,
1813 416 1899 447 prout
1918 415 1991 448 juris
2010 417 2038 439 et
2051 416 2140 440 moris
2153 418 2203 447 est,

361 457 391 480 in
412 457 555 488 presentia
576 458 673 480 nostra
693 446 849 481 fidelitatis
868 459 896 480 et
915 457 1043 489 homagii
1061 458 1245 485 sacramento,
1264 461 1291 480 et
1305 456 1381 487 quod
1395 456 1525 488 predicta
1538 457 1686 487 honorem,
1700 458 1815 482 feudum
1827 461 1855 483 et
1869 460 1997 490 ipsorum
2017 460 2206 491 pertinentias

362 508 377 524 a
398 500 482 524 nobis
501 502 529 524 et
549 501 670 532 imperio
691 503 895 532 recognoscant
915 503 941 525 et
962 501 1014 525 illa
1035 501 1068 525 de
1088 500 1219 525 dominio
1241 502 1341 525 nostro
1361 501 1525 525 subtrahere
1545 509 1602 525 non
1625 503 1786 531 intendant,
1806 503 1854 526 sed
1874 503 1970 527 debita
1983 504 2087 528 exinde
2099 505 2127 528 et
2139 511 2207 528 eon-

363 546 442 568 sueta
461 545 583 568 servicia
603 545 687 569 nobis
706 547 734 569 et
754 546 962 569 successoribus
982 546 1089 569 nostris
1110 547 1139 569 in
1160 546 1282 577 imperio
1304 545 1406 569 devote
1425 548 1454 569 et
1475 546 1603 570 fideliter
1628 546 1748 571 debeant
1767 547 1910 572 exhibere.

451 589 541 613 Huius
555 590 592 613 rei
608 591 693 613 testes
713 593 779 613 sunt
793 590 940 623 Eceelinus
954 590 987 614 de
1002 590 1141 620 Romano,
1158 589 1352 619 Guilliclmus,
1367 590 1573 614 vicedominus
1586 591 1753 622 capitaneus
1766 592 1927 620 Vincentie,
1942 592 2115 621 humfredus,
2135 600 2207 616 mar-

363 633 426 656 chio
440 633 558 662 Lancea,
578 633 722 658 Thealdus
745 634 920 664 Franciscus,
942 635 1059 658 Iacobus
1080 634 1112 658 de
1132 636 1231 658 sancto
1251 634 1377 664 Andrea‚
1403 634 1607 659 Gumbertinus
1633 636 1667 659 de
1693 636 1866 667 Belligantis
1893 638 1920 660 et
1946 636 1998 660 alii
2025 637 2204 668 quamplures

364 678 464 701 fideles
489 678 590 702 nostri.
627 679 672 702 Ad
693 679 771 702 cuius
792 680 831 702 rei
853 680 1018 702 memoriam
1039 681 1066 702 et
1086 679 1225 702 cautelam
1246 686 1343 702 corum
1363 685 1478 710 presens
1497 679 1634 710 scriptum
1656 680 1721 704 sieri
1749 683 1775 703 et
1802 680 1902 711 sigillo
1928 682 2087 704 maiestatis
2110 683 2207 705 nostre

364 723 496 746 iussimus
516 724 695 753 communiri,
716 731 800 754 anno,
822 731 916 747 mense
934 726 962 747 et
981 724 1128 747 indicione
1148 724 1325 755 subscriptis.
1360 725 1465 747 Datum
1480 725 1509 747 in
1525 725 1624 748 castris
1639 732 1727 757 prope
1741 725 1959 754 Monteclarum,
1975 733 2050 749 anno
2064 726 2208 750 dominice

360 767 573 791 incarnacionis
593 767 745 792 millesimo
765 768 961 792 ducentesimo
981 769 1129 800 trigesimo
1150 769 1282 800 septimo,
1305 769 1410 792 mensis
1425 760 1564 797 octobris,
1584 768 1733 793 undecime
1753 770 1920 793 indicionis.

451 890 546 922 XIV.
573 908 609 913 -
638 891 768 922 Mesier
791 891 944 922 Iacomin
968 890 1167 934 Papafava.

450 1049 501 1082 37.
526 1048 605 1089 [20].
629 1066 666 1070 —
696 1049 794 1080 Fiolo
818 1048 969 1081 succede
999 1060 1018 1080 a
1049 1050 1173 1082 mesier
1197 1049 1258 1081 Al-

360 1101 473 1133 bertin
498 1101 732 1143 sovrascripto
756 1101 800 1132 de
824 1100 983 1133 Carrara.

450 1154 585 1192 Questo
615 1155 739 1185 mesier
763 1155 916 1186 Iacomin
948 1156 985 1187 fo
1010 1156 1040 1187 el
1072 1156 1181 1197 prImo
1214 1156 1258 1188 de

361 1206 459 1250 quilli
484 1207 528 1237 da
552 1205 713 1245 Carrara,
737 1207 768 1238 el
801 1207 880 1249 qual
912 1208 949 1239 fo
980 1208 1164 1252 chiamado
1196 1208 1260 1240 Pa-

361 1261 499 1302 pafava‚
530 1270 584 1290 ma
615 1260 694 1301 qual
727 1261 819 1291 fosse
851 1260 884 1292 la
916 1271 1032 1298 cason,
1064 1261 1195 1302 perche
1228 1261 1259 1292 el

362 1313 447 1345 ditto
472 1312 598 1343 mesier
622 1312 775 1344 Iacomin
799 1313 892 1345 fosse
917 1314 1172 1356 cognominado
1196 1314 1261 1346 Pa-

361 1365 498 1407 pafava,
522 1371 642 1407 questo
666 1365 698 1397 io
723 1375 790 1397 non
822 1372 920 1398 trovo
952 1366 986 1397 in
1016 1367 1192 1405 croniche,
1217 1367 1260 1398 ne

359 1418 477 1460 alguni
501 1418 718 1449 instrumenti
733 1417 752 1448 ¹.
797 1417 996 1450 Solamente
1021 1420 1065 1451 de
1089 1419 1134 1451 lui
1160 1426 1259 1451 trovo

360 1471 456 1503 molti
488 1476 522 1502 et
553 1471 650 1502 molti
682 1476 716 1502 et
747 1471 938 1503 moltissimi
968 1472 1187 1504 instrumenti
1216 1472 1260 1504 de

360 1524 553 1565 possession
583 1525 773 1565 Compl‘ade
804 1535 867 1566 per
898 1526 956 1557 lui.
1003 1526 1019 1556 Ι
1050 1526 1144 1568 quali
1179 1526 1259 1558 tutti

360 1577 485 1614 omissi,
510 1577 586 1608 faro
617 1577 674 1619 qui
706 1588 770 1618 pur
794 1577 837 1609 de
868 1588 896 1609 11
920 1578 1138 1610 instrumenti
1163 1589 1261 1610 men-

360 1631 448 1661 cion.
496 1630 536 1660 El
554 1631 677 1671 primo,
693 1641 794 1661 como
811 1641 879 1672 qua
903 1632 946 1663 de
970 1637 1062 1663 sotto
1080 1632 1260 1673 apparera,

359 1693 460 1715 como
477 1683 509 1714 el
533 1683 620 1715 ditto
638 1683 762 1714 mesier
785 1683 962 1716 Iacomino
987 1691 1022 1717 et
1044 1685 1168 1717 mesier
1183 1685 1260 1717 Pie-

359 1741 512 1773 roconte,
537 1736 616 1767 fiolo
641 1737 684 1768 de
701 1738 827 1769 mesier
842 1737 990 1780 Albrigo
1008 1738 1097 1770 Lion
1113 1738 1159 1770 da
1174 1739 1258 1771 Car-

359 1800 448 1828 rara,
463 1800 504 1820 ne
529 1789 643 1821 l’anno
668 1791 725 1821 del
749 1790 876 1832 Signor
893 1790 987 1823 mille
1012 1792 1160 1823 dusento
1184 1793 1258 1824 cin-

360 1847 489 1883 quanta
511 1849 591 1874 octo
616 1844 758 1885 compro
783 1844 827 1876 da
851 1844 970 1875 misier
996 1844 1154 1887 Ugucon,
1178 1845 1257 1877 fiolo

360 1894 404 1926 de
428 1896 552 1927 mesier
574 1895 714 1928 Iacomo
739 1897 783 1929 da
807 1897 967 1936 Carrara,
990 1909 1054 1939 per
1076 1898 1189 1940 presio
1213 1899 1257 1930 de

360 1949 444 1981 libre
470 1949 597 1992 cinque
614 1950 722 1981 millia
747 1951 874 1993 algune
899 1961 978 1983 case
1003 1957 1037 1983 et
1059 1951 1256 1993 possession

360 2003 513 2035 mettude
538 2003 615 2034 nela
640 2003 708 2035 cita
732 2004 776 2034 de
800 2003 898 2035 Pava
921 2010 955 2035 et
976 2004 1012 2035 in
1044 2005 1076 2036 la
1100 2004 1181 2036 villa
1213 2005 1256 2036 de

360 2055 517 2087 Carrara.
563 2056 659 2094 Item,
684 2057 864 2100 unowaltro
888 2057 1127 2096 instrumento,
1159 2068 1257 2089 como

359 2109 484 2140 mesier
507 2107 762 2147 Bonaventura,
787 2110 867 2142 fiolo
899 2111 964 2142 che
996 2111 1033 2142 fo
1065 2112 1108 2142 de
1132 2111 1256 2143 mesier

360 2162 559 2193 Benvenisti
583 2163 627 2193 da
650 2163 832 2203 Florenca,
850 2175 893 2195 ne
910 2164 1024 2196 l'anno
1049 2165 1105 2196 del
1130 2164 1256 2206 Signor

359 2214 453 2245 mille
479 2215 623 2246 dusento
647 2221 806 2257 septanta
829 2223 951 2258 quatro
975 2219 1190 2259 procurador
1213 2219 1255 2250 de

360 2267 483 2298 mesier
516 2267 685 2306 Goielmo,
717 2269 796 2301 tiolo
829 2276 862 2301 et
892 2271 1023 2303 herede
1054 2272 1120 2303 che
1144 2271 1180 2303 fo
1211 2270 1255 2303 de

358 2321 484 2352 mesier
499 2319 692 2363 Aldighero
709 2322 754 2353 da
771 2322 938 2360 Fontana‚
956 2324 1001 2355 da
1023 2324 1182 2364 Ferrara,
1198 2325 1254 2357 de'

448 2454 455 2470 ¹
476 2456 649 2481 GiacomIno
669 2455 683 2481 ὲ
703 2457 725 2481 il
751 2457 814 2482 solo
834 2466 847 2482 e
867 2459 1034 2483 immediato
1054 2459 1133 2483 erede
1153 2459 1182 2483 di
1207 2460 1257 2483 Al-

359 2499 481 2526 bertino,
500 2500 630 2522 traverso
651 2499 671 2522 il
693 2500 774 2530 quale
795 2500 819 2523 si
839 2500 901 2524 fissa
923 2500 943 2524 il
958 2508 1037 2525 ramo
1051 2501 1097 2525 dei
1110 2502 1257 2534 Papafava

359 2540 483 2564 distinto
504 2541 538 2564 da
558 2541 654 2572 quello
675 2542 838 2574 principale
858 2543 904 2566 dei
925 2542 1054 2572 Carrara,
1075 2543 1220 2568 destinato
1240 2551 1256 2568 a

358 2584 538 2614 estinguersi.
577 2584 631 2607 Dal
661 2584 780 2608 castello
807 2585 835 2608 di
862 2585 1036 2617 Anguillara
1064 2586 1092 2609 su
1117 2587 1255 2610 costretto

358 2632 373 2648 a
387 2625 495 2649 esulare
509 2625 629 2650 durante
650 2626 670 2649 il
690 2627 808 2658 periodo
830 2627 905 2651 della
926 2629 1055 2652 tirannia
1069 2628 1256 2658 ezzeliniana,

360 2675 401 2691 ma
422 2667 497 2700 dopo
518 2668 544 2692 la
566 2670 780 2693 restaurazione
800 2669 874 2693 della
895 2668 997 2694 liberta
1017 2670 1175 2701 comunale,
1189 2672 1255 2694 rim-

358 2707 463 2740 patrio,
482 2718 503 2741 e,
525 2718 553 2734 se
573 2719 629 2734 non
650 2711 716 2735 ebbe
737 2713 825 2743 parte,
845 2719 924 2736 come
945 2713 952 2736 i
973 2714 1071 2745 cugini
1093 2713 1150 2744 agli
1171 2720 1255 2737 avve-

359 2752 478 2775 nimenti
500 2752 616 2784 politici
635 2753 711 2777 della
731 2755 852 2778 soconda
874 2752 956 2782 meta.
971 2753 1077 2778 arrichi
1092 2755 1118 2778 la
1133 2757 1256 2788 potenza

358 2795 522 2818 economica
541 2802 593 2818 con
614 2796 782 2827 operazioni
802 2796 893 2820 intese
913 2804 928 2820 a
948 2797 1124 2821 ricostituire
1144 2797 1255 2821 almeno

301 2844 330 2860 10
357 2836 386 2858 in
402 2838 480 2867 parte
495 2836 597 2861 l'unita
619 2838 825 2868 patrimonialc
840 2839 885 2862 del
900 2846 1030 2870 possesso
1047 2840 1194 2863 sondiario
1214 2839 1256 2864 fa-

360 2877 481 2907 miliare,
502 2885 580 2902 come
606 2881 627 2902 si
656 2878 712 2912 puo
740 2881 852 2912 arguite
872 2881 917 2905 dai
947 2880 1106 2913 molteplici
1133 2881 1254 2913 acquisti

1311 891 1406 923 XIV.
1441 911 1479 916 —
1512 891 1678 923 Dominus
1709 892 1895 929 Jacobz‘nus,
1934 893 2066 935 primus
2103 894 2211 925 clt'clus

1400 943 1601 987 Paperfava.

1399 1050 1452 1084 37.
1470 1050 1548 1091 [20].
1567 1069 1605 1074 -
1624 1051 1733 1083 Filius
1745 1050 1982 1092 suprascripto
1996 1049 2137 1081 domino
2153 1049 2212 1079 Al·-

1311 1103 1447 1135 bertino
1464 1104 1640 1137 successit.
1686 1098 1749 1136 Vir
1766 1104 1830 1136 iste
1847 1103 1911 1135 fuit
1927 1103 1995 1135 alte
2012 1102 2211 1144 prudentie,

1309 1156 1441 1198 ingenii
1466 1158 1617 1189 acuitate
1642 1157 1892 1198 perexcellens.
1933 1155 1986 1187 Ex
2009 1155 2212 1199 Carrarien-

1309 1208 1405 1240 sibus
1429 1209 1570 1250 primus,
1594 1211 1656 1241 sed
1680 1210 1724 1241 de
1750 1220 1871 1242 caussa
1895 1209 2033 1251 ambigo
2057 1219 2130 1250 cur,
2155 1219 2212 1239 co-

1311 1262 1528 1304 gnominatus
1559 1262 1750 1304 Papafava.
1797 1263 1836 1294 In
1867 1262 2090 1304 ampliatione
2123 1261 2213 1292 divi-

1311 1314 1444 1352 tiarum,
1476 1315 1559 1347 licet
1589 1315 1853 1357 preditissimus,
1888 1321 2004 1347 tamen
2034 1314 2213 1356 improbus

1311 1377 1353 1399 ac
1375 1367 1515 1399 sedulus
1532 1368 1705 1411 vigilator,
1722 1379 1808 1411 quas
1823 1375 1861 1400 ut
1877 1368 2018 1410 ingenio
2037 1367 2212 1410 aquisivit,

1312 1421 1361 1452 sic
1381 1421 1598 1464 ingeniosum
1622 1422 1665 1454 ab
1697 1432 1738 1454 eo
1770 1432 1869 1464 posse
1900 1421 1966 1453 fuit
1997 1427 2212 1462 extorquere.

1313 1474 1434 1506 Preter
1458 1475 1719 1516 patrimoniales
1749 1475 1833 1507 edes
1860 1475 1893 1505 in
1925 1473 2066 1506 civitate
2091 1473 2213 1504 domos

1313 1533 1348 1558 et
1378 1529 1542 1569 equantia
1570 1536 1682 1560 turres
1712 1528 1842 1570 palatia
1872 1527 2004 1563 struxit,
2030 1532 2063 1558 et
2092 1526 2212 1557 innata

1312 1579 1476 1611 nobilium
1503 1587 1537 1613 et
1560 1581 1680 1622 populi
1701 1581 1738 1612 in
1767 1579 2006 1612 Carrarienses
2030 1584 2212 1611 consuetu-

1313 1632 1394 1663 dine
1420 1627 1728 1675 sequelamjlicet
1766 1633 1944 1670 abnueret,
1984 1632 2104 1664 habuit
2141 1641 2210 1662 non

1311 1686 1534 1727 mediocrem,
1559 1692 1594 1718 et
1612 1687 1701 1719 adeo
1717 1693 1763 1724 ut,
1780 1687 1808 1718 si
1827 1686 1946 1719 conari
1963 1686 2149 1722 videretur,
2165 1684 2211 1716 ad

1312 1738 1508 1779 oppositum
1523 1739 1670 1771 inficiari
1685 1750 1754 1771 non
1770 1745 1888 1781 posset
1899 1750 1919 1770 a
1929 1737 2212 1771 Carrariensibus

1311 1791 1545 1824 descendisse.
1591 1792 1668 1825 Viri
1692 1793 1793 1824 huius
1808 1798 1938 1824 rectam
1954 1791 2210 1823 successionem

1310 1843 1451 1876 domino
1474 1844 1658 1878 Albertino
1681 1856 1751 1877 non
1774 1845 1922 1887 reperio,
1946 1845 2009 1877 sed
2027 1855 2103 1875 eum
2128 1854 2211 1875 con-

1310 1903 1375 1928 stat
1395 1908 1463 1928 una
1488 1908 1565 1930 cum
1589 1899 1729 1931 domino
1754 1899 1859 1931 Petro
1884 1898 2030 1935 Comite,
2054 1897 2125 1929 filio
2150 1898 2211 1929 do-

1310 1950 1392 1982 mini
1423 1950 1558 1984 Albrici
1589 1951 1717 1984 Leonis
1751 1953 1794 1984 de
1817 1951 1989 1989 Carraria,
2013 1961 2078 1992 pro
2109 1950 2210 1982 libris

1310 2004 1462 2046 quinque
1485 2004 1645 2044 millibus,
1668 2016 1758 2038 anno
1782 2005 1920 2037 Domini
1943 2003 2124 2036 millesimo
2147 2002 2211 2036 du-

1310 2058 1499 2090 centesimo
1530 2058 1815 2101 quinquagesimo
1847 2064 1985 2095 octavo,
2016 2068 2037 2088 a
2068 2057 2208 2090 domino

1312 2111 1484 2153 Ugutione
1502 2113 1545 2143 (le
1559 2112 1719 2144 Carraria
1735 2112 1975 2152 infrascriptas
1992 2110 2115 2142 emisse
2133 2121 2209 2153 pos-

1307 2164 1489 2201 sessiones,
1512 2170 1549 2196 ut
1572 2165 1630 2197 hic
1652 2165 1798 2197 inferius
1821 2165 1966 2206 legetur.

1313 2461 1346 2484 da
1366 2461 1405 2484 lui
1428 2459 1493 2484 fatti
1515 2460 1563 2491 (cf.
1584 2459 1714 2490 Cssotno,
1733 2464 1772 2491 op.
1792 2461 1846 2491 cia,
1866 2468 1893 2492 p.
1917 2460 1951 2485 68
1976 2460 2055 2493 sgg.).
2093 2459 2133 2484 La
2158 2467 2207 2484 sua

1311 2500 1430 2526 attivita
1458 2502 1579 2534 politica
1597 2503 1706 2526 sembra
1732 2504 1877 2527 ristretta:
1904 2503 1934 2527 su
1961 2501 2078 2535 podesta
2103 2502 2133 2526 di
2158 2502 2206 2526 Vi-

1310 2551 1393 2568 cenza
1415 2545 1458 2568 nel
1483 2544 1595 2576 1268-69
1617 2545 1790 2576 (SMEREGm,
1810 2546 1929 2569 Annales
1949 2546 2072 2569 civitatis
2100 2545 2205 2569 Vincen-

1310 2587 1373 2615 tiae,
1396 2588 1423 2610 in
1445 2586 1616 2618 Mons-rom,
1640 2588 1705 2611 ΕΛ).
1728 2587 1769 2611 ΙΙ.
1791 2588 1850 2616 SS,
1870 2589 1890 2611 t.
1909 2587 2040 2616 V111,ed.
2060 2587 2205 2615 Sommzo.

1310 2636 1336 2662 p.
1368 2627 1427 2660 12):
1458 2636 1589 2660 compare
1615 2630 1769 2661 registi-ato
1793 2630 1834 2653 fra
1859 2629 1870 2653 i
1895 2631 2036 2661 maggiori
2063 2629 2206 2653 feudatari

1310 2671 1387 2694 nollo
1408 2672 1516 2694 statuto
1537 2671 1581 2694 del
1603 2670 1669 2701 1263
1692 2670 1829 2701 (Gtoxufx,
1850 2672 1958 2696 statuto
1977 2672 2034 2699 cit„
2058 2678 2085 2703 p.
2106 2670 2176 2701 206),
2191 2678 2205 2694 e

1312 2714 1340 2737 fu
1361 2714 1465 2737 ornato
1485 2713 1559 2737 della
1579 2711 1693 2745 dignita
1713 2714 1910 2737 cavallercsca.
1945 2712 2019 2737 Mori
2035 2714 2205 2737 certamente

1311 2763 1382 2787 poco
1403 2756 1501 2779 avanti
1523 2756 1543 2779 il
1566 2755 1640 2787 1289,
1661 2754 1711 2779 che
1731 2756 1760 2779 di
1775 2755 1941 2786 quell'anno
1958 2754 1972 2779 ὸ
1992 2754 2075 2780 l'atto
2090 2756 2117 2780 di
2133 2755 2207 2779 dlvi-

1309 2798 1391 2821 sione
1411 2797 1540 2821 dell'asse
1560 2800 1682 2829 paterno
1701 2799 1746 2821 tra
1765 2797 1775 2821 i
1794 2797 1865 2829 figli,
1885 2797 2027 2829 stipulato
2047 2797 2123 2822 nella
2142 2798 2206 2822 loro

1310 2840 1420 2863 dimota
1439 2840 1557 2869 urbana,
1577 2839 1653 2863 nella
1673 2839 1812 2863 eontrada
1832 2840 1861 2863 di
1881 2839 1907 2863 S.
1928 2840 2063 2871 Martino,
2085 2839 2158 2864 dove
2178 2840 2204 2864 la

1313 2880 1442 2913 ramiglia
1468 2887 1558 2905 aveva
1578 2889 1659 2914 preso
1680 2881 1831 2906 domicilio
1850 2881 1935 2912 (XIX,
1955 2881 2011 2913 64).

2239 634 2271 661 10

2243 954 2280 986 15

2239 1268 2282 1298 20

2241 1524 2282 1556 25

2239 1802 2281 1833 30

2238 2066 2278 2099 35

2236 2334 2278 2365 40

2234 2804 2268 2822 20
