2346 3597
45 692 77 720 10

49 915 80 941 15

47 1138 83 1164 20

50 1359 84 1385 25

52 1580 87 1607 30

52 1802 86 1829 35

58 2069 93 2095 40

59 2291 92 2318 45

87 2948 99 2973 5

451 161 624 197 GESTA
653 126 958 195 MAGNIFICA
991 155 1179 192 DOMUS
1209 153 1602 189 CARRARIENSIS
1875 154 1940 188 191

188 297 277 321 Anno
291 296 412 320 Domini
432 295 590 319 millesimo
611 293 806 317 ducentesimo
825 290 1036 323 septuagesimo
1057 291 1168 320 quarto,
1189 288 1354 312 indictIone
1375 287 1506 315 secunda,
1527 288 1573 311 die
1593 289 1671 311 sexta
1692 288 1799 311 decima
1815 288 1949 315 ianuarii,

101 341 205 371 Padue,
226 343 254 365 in
276 342 408 364 contrata
427 339 526 364 Sancti
552 338 679 367 Martini,
708 337 737 360 in
765 335 850 359 domo
876 335 1074 359 habitacionis
1101 333 1282 364 infrascripti
1310 332 1422 356 domini
1450 332 1603 363 Papasave,
1629 332 1808 363 presentibus
1834 332 1952 355 domino

102 386 199 410 Blasio
211 385 306 410 iudice
320 385 353 409 de
367 384 505 409 Cumanis
520 383 552 407 de
567 380 760 410 Montesilice,
774 380 891 404 domino
906 378 1076 403 Grandonio
1091 377 1125 401 de
1139 377 1298 405 Pernumia.
1315 377 1432 400 domino
1447 376 1607 400 Guilielmo
1622 376 1655 399 de
1669 376 1820 407 vigonem,
1834 376 1952 399 domino

101 431 238 455 Iacobino
259 430 374 454 notario
394 429 427 452 de
442 428 521 457 Atto,
535 426 684 460 Cambono
705 426 820 449 notario
835 423 869 447 de
889 423 1033 452 Conrado,
1053 422 1218 446 Raubatore
1237 422 1370 452 murario,
1386 423 1413 445 et
1427 421 1505 449 aliis,
1524 421 1644 444 testibus
1658 422 1775 451 rogatis.
1809 420 1952 444 Dominus

107 475 305 503 Bonavenuta,
325 474 400 497 filius
421 472 565 504 quondam
586 470 697 495 domini
720 469 913 498 Benevenisti,
933 468 982 498 qui
1002 467 1058 491 fuit
1073 466 1106 490 de
1123 466 1275 490 Florencia
1294 468 1321 489 et
1337 473 1411 489 nunc
1424 467 1481 489 stat
1496 466 1524 488 in
1539 464 1597 493 Est,
1611 465 1732 488 nuncius
1747 467 1773 488 et
1787 466 1954 497 procurator

103 520 215 544 domini
233 518 385 544 Guilielmi
406 517 440 541 de
459 516 602 543 Fontana,
623 514 676 538 filii
697 515 725 538 et
744 514 860 544 heredes
879 521 904 544 q.
925 512 951 536 d.
964 511 1134 543 Aldegherii
1149 512 1181 534 de
1196 511 1335 540 Fontana,
1350 510 1383 534 de
1398 510 1534 539 Ferraria,
1551 511 1581 533 ut
1596 511 1624 533 in
1639 511 1716 532 carta
1737 509 1954 540 procurationis

104 565 213 595 scripta
233 570 282 595 per
301 562 492 588 Anthonium,
512 559 602 583 filium
623 566 648 590 q.
670 558 803 582 Ubertini
829 557 945 584 notarii,
966 564 980 580 a
1002 563 1044 579 me
1064 557 1125 579 visa
1145 557 1173 579 et
1194 556 1275 583 lecta,
1296 555 1470 583 continetur,
1493 555 1694 586 procuratorio
1715 555 1831 577 nomine
1852 561 1902 584 pro
1921 561 1954 577 eo

104 609 171 631 ante
189 607 369 631 solucionem
390 605 444 628 sibi
462 604 565 627 factam
579 602 668 630 dedit,
682 602 776 630 cessit,
790 601 921 626 vendidit
941 602 1024 631 atque
1039 599 1189 623 mandavit
1209 599 1236 623 d.
1255 598 1400 631 Papasave
1413 599 1446 622 de
1462 598 1595 622 Carraria
1616 599 1713 621 omnia
1728 599 1789 622 iura
1803 605 1955 629 omnesque

105 652 236 675 raciones
255 652 283 674 et
301 650 433 673 acciones
452 647 541 671 reales
561 649 587 670 et
607 646 781 678 personales,
802 646 889 669 utiles
909 647 936 669 et
956 645 1088 674 directas,
1109 645 1212 667 tacitas
1233 645 1260 667 et
1279 650 1433 674 expressas,
1453 645 1506 673 que
1524 650 1629 673 quasve
1648 642 1709 673 ipse
1730 642 1862 665 dominus
1887 641 1957 666 Gui-

107 695 230 723 lielmus,
250 695 325 718 sicut
344 693 419 716 filius
439 694 466 716 et
485 692 563 715 heres
584 691 730 722 quondam
750 691 863 714 domini
883 689 1057 721 Aldigherii,
1077 691 1103 712 et
1123 689 1217 712 dictus
1231 689 1401 719 procurator
1415 687 1615 718 procuratorio
1631 687 1748 710 nomine
1763 694 1813 717 pro
1827 693 1861 709 eo
1875 687 1957 710 hahe-

107 740 155 763 bat
175 741 202 763 et
221 739 322 762 habere
341 737 494 761 videbatur
514 737 614 760 contra
634 736 711 759 bona
730 737 757 759 et
778 734 973 766 possessiones
993 736 1020 757 et
1040 739 1219 766 possessores
1239 733 1379 756 bonorum
1399 731 1541 762 quondam
1557 731 1670 755 domini
1689 731 1767 754 Petri
1782 730 1905 754 Comitis
1925 731 1958 754 de

107 783 242 808 Carraria
262 784 374 807 tantum
395 781 426 805 in
446 788 503 805 uno
524 780 621 804 debito
641 787 689 804 seu
709 779 844 812 deposito
865 779 1003 802 librarum
1023 778 1112 801 trium
1133 777 1257 800 millium
1277 777 1458 800 denariorum
1474 778 1640 799 venetorum
1656 782 1810 807 parvorum
1830 775 1859 798 in
1875 775 1958 798 dena-

110 829 160 852 riis
180 828 289 859 grossis
309 835 371 851 cum
391 828 458 850 octo
478 826 604 850 denariis
624 832 676 856 pro
696 825 770 848 libra
789 825 823 847 de
843 825 920 847 sorte
939 825 965 846 et
985 823 1016 846 in
1037 829 1110 854 pena
1129 823 1157 845 et
1176 822 1318 854 expensiS‚
1338 821 1450 845 (lamnis
1472 822 1500 844 et
1519 821 1656 844 interesse
1675 822 1702 844 et
1722 820 1863 848 omnibus,
1883 821 1957 844 utin

110 874 198 897 cartis
224 872 316 896 debiti
334 873 362 896 et
381 871 516 903 precepti,
537 870 653 901 scriptis
673 877 722 901 per
740 868 975 895 Mardimachum,
996 867 1084 897 filium
1106 866 1238 890 Adameti
1254 866 1287 889 de
1302 865 1472 895 Rambaldo,
1488 866 1643 893 notarium,
1657 865 1833 888 continetur.
1857 864 1890 888 In
1905 872 1961 896 quo

113 917 210 941 debito
227 924 274 941 seu
294 917 428 948 deposito
449 915 662 947 suprascriptus
682 914 709 938 d.
729 914 829 937 Petrus
849 911 960 943 Comes,
983 913 1058 935 sicut
1078 911 1200 941 debitor,
1225 913 1253 934 et
1273 911 1300 934 d.
1325 911 1493 934 Bonifacius
1514 910 1599 942 judex
1626 917 1642 933 a
1660 909 1781 937 SolariO,
1807 909 1902 933 Tadus
1928 910 1961 932 de

111 962 210 991 Tadis,
228 961 349 986 Iacobus
369 961 401 985 de
420 960 573 990 Palmerio,
595 960 733 984 Guercius
753 959 785 982 de
806 957 1003 990 Vicoaggeris,
1022 956 1184 980 Rainaldus
1203 955 1389 988 Scrovignus‚
1408 955 1580 979 Thomasius
1605 954 1726 985 Cavaca,
1743 954 1885 978 Iohannes
1904 953 1961 977 Ru-

110 1007 186 1036 beuS‚
205 1006 363 1038 Lacarinus
383 1006 417 1029 de
437 1005 531 1035 Cesso,
552 1005 695 1028 Iohannes
715 1004 815 1036 Pipor,
836 1002 989 1026 Federicus
1009 1002 1042 1025 de
1062 1000 1243 1032 Capiteliste,
1258 1001 1368 1024 Marcus
1382 1001 1416 1024 de
1430 999 1627 1031 Capitevacce,
1645 1000 1846 1023 Bonaventura
1860 1000 1962 1029 Bergo-

111 1051 193 1079 letus,
214 1051 368 1083 Egidiolus
388 1051 420 1074 de
441 1049 623 1080 Macharuffo,
646 1049 818 1072 Bellebonus
839 1047 872 1071 de
892 1046 1091 1074 Guarnirinis,
1112 1045 1304 1077 Boncanellus
1325 1046 1358 1068 de
1377 1045 1530 1076 Viguncia‚
1552 1044 1699 1068 Marsilius
1720 1044 1745 1067 d.
1759 1044 1963 1075 Parthonopei,

110 1095 254 1128 Aypertus
275 1096 308 1119 de
321 1095 533 1127 Mangaspisso,
553 1094 724 1125 Henrigetus
744 1093 778 1116 de
798 1091 997 1123 Capitevacce,
1017 1090 1194 1114 Allexander
1209 1091 1241 1114 de
1256 1090 1393 1118 Belludis,
1407 1089 1595 1121 Hengelerius
1610 1089 1642 1113 de
1658 1089 1862 1120 Montagnone,
1876 1088 1962 1112 Fran-

114 1141 205 1164 ciscus
228 1141 261 1164 de
280 1140 393 1164 Aucato
413 1141 440 1163 et
460 1140 597 1163 Ravenna
616 1138 649 1162 de
665 1138 737 1161 hora
755 1136 782 1161 S.
803 1135 914 1166 Crucis,
936 1137 1009 1159 sicut
1029 1135 1217 1163 fideiussores,
1237 1136 1320 1159 erant
1339 1137 1367 1158 et
1387 1135 1455 1158 sunt
1479 1134 1601 1166 obligati
1630 1141 1714 1166 penes
1738 1134 1963 1164 suprascriptum

113 1185 262 1208 dominum
285 1184 491 1217 Aldegherium
511 1191 544 1207 ex
564 1189 648 1206 causa
667 1181 803 1213 depositi,
817 1182 848 1205 ut
862 1181 893 1204 in
913 1181 1000 1204 cartis
1021 1180 1159 1212 predictis
1180 1180 1296 1211 scriptis
1316 1187 1364 1211 per
1378 1179 1604 1203 Mardimachuin
1626 1178 1770 1202 notarium
1791 1179 1964 1202 continetur.

114 1229 149 1253 Et
169 1230 324 1253 constituit
344 1230 435 1260 ipsum
456 1228 604 1252 dominum
623 1227 799 1259 Papasavam
820 1227 1034 1257 procuratorem
1056 1227 1087 1249 ut
1107 1225 1138 1249 in
1160 1232 1216 1248 rem
1237 1232 1325 1254 suam,
1347 1226 1377 1248 ut
1403 1232 1418 1247 a
1439 1225 1526 1247 modo
1553 1224 1647 1255 possit
1674 1231 1755 1254 agere
1780 1225 1807 1247 et
1831 1223 1966 1255 experiri,

114 1274 253 1306 placitare
266 1276 293 1298 et
308 1275 418 1298 causari
436 1273 574 1297 adversus
593 1271 668 1295 bona
688 1273 715 1294 et
736 1271 932 1302 possessiones
951 1272 979 1294 et
999 1277 1176 1302 possessores
1196 1271 1339 1293 bonorum
1360 1277 1386 1301 q.
1406 1269 1431 1292 d.
1452 1268 1530 1292 Petri
1549 1267 1676 1293 Comitis
1696 1270 1816 1291 tantum.
1854 1267 1889 1291 Et
1906 1275 1966 1298 pre-

114 1318 222 1342 dictum
242 1318 367 1342 debitum
389 1324 436 1340 seu
457 1316 617 1349 depositum
638 1316 727 1339 trium
748 1315 870 1339 millium
891 1315 1029 1338 librarum
1050 1322 1113 1338 cum
1133 1322 1206 1346 pena
1219 1316 1247 1338 et
1267 1313 1403 1345 expensis
1417 1313 1447 1337 in
1462 1313 1595 1337 omnibus
1615 1314 1642 1336 et
1656 1320 1704 1344 per
1718 1313 1818 1336 omnia
1832 1314 1859 1335 et
1873 1312 1966 1335 modis

116 1362 249 1385 omnibus
269 1369 285 1385 a
305 1361 443 1392 predictis
463 1361 547 1384 bonis
567 1362 594 1384 et
613 1360 847 1393 possessionibus
867 1360 895 1383 et
915 1359 1130 1390 possessoribus
1149 1359 1289 1382 bonorum
1310 1360 1413 1390 petere,
1433 1359 1554 1389 exigere,
1574 1356 1810 1388 quemadmodum
1830 1357 1922 1380 dictus
1942 1356 1968 1380 d.

115 1404 303 1429 Guillielmus
322 1407 350 1429 et
369 1405 512 1437 predictus
531 1405 593 1429 eius
613 1405 793 1436 procurator,
815 1404 1014 1436 procuratorio
1030 1404 1147 1427 nomine
1162 1410 1214 1435 pro
1229 1410 1271 1433 eo,
1285 1404 1398 1434 poterat
1413 1403 1457 1426 vel
1472 1404 1578 1434 posset.
1607 1402 1667 1425 Hoc
1681 1402 1773 1425 autem
1788 1401 1856 1425 fecit
1875 1401 1968 1424 dictus

116 1449 143 1474 d.
155 1449 343 1473 Bonavenuta
363 1451 542 1481 procurator,
561 1450 628 1480 quia
647 1449 795 1472 confessus
816 1448 872 1472 fuit
892 1447 969 1479 quod
985 1449 1182 1472 incontinenti
1198 1448 1349 1480 posthanc
1362 1447 1517 1470 cessionem
1531 1446 1625 1470 dictus
1639 1445 1666 1470 d.
1680 1445 1823 1477 Papasava
1837 1445 1926 1468 eidem
1942 1445 1969 1468 d.

116 1493 310 1523 Bonavenute,
330 1494 531 1525 procuratorio
553 1494 669 1517 nomine
689 1500 739 1525 pro
760 1492 839 1516 dicto
860 1493 886 1516 d.
906 1491 1081 1516 Guillielmo
1102 1492 1262 1523 recipienti,
1284 1491 1364 1515 dedit
1384 1493 1411 1514 et
1431 1491 1520 1514 solvit
1541 1491 1648 1514 dictum
1670 1491 1797 1514 debitum
1818 1497 1864 1513 seu
1885 1490 1969 1521 depo-

117 1539 212 1569 situm,
234 1538 267 1562 de
287 1539 387 1570 quibus
407 1546 435 1562 se
456 1538 581 1562 solutum
601 1537 801 1570 procuratorio
822 1538 938 1561 nomine
959 1537 1030 1562 dicti
1052 1537 1079 1561 d.
1098 1537 1264 1561 Guillielmi
1284 1544 1298 1560 a
1319 1537 1447 1568 predicto
1462 1535 1487 1559 d.
1502 1535 1646 1567 Papafava
1662 1535 1797 1559 clamavit
1816 1536 1844 1558 et
1857 1536 1970 1566 pactum

118 1584 142 1606 ei
166 1583 235 1607 fecit
253 1583 287 1607 de
306 1584 429 1617 amplius
450 1590 507 1607 non
529 1582 662 1615 petendo,
683 1582 855 1606 renuncians
875 1582 1042 1615 excepcioni
1065 1589 1122 1605 non
1144 1583 1289 1605 numerate
1302 1588 1334 1605 ac
1350 1582 1460 1613 recepte
1474 1581 1594 1612 pecunie
1613 1582 1740 1613 tempore
1760 1581 1925 1603 contractus
1944 1580 1972 1602 et

117 1629 198 1651 omni
219 1628 269 1652 alii
291 1635 341 1652 suo
361 1629 428 1662 juri,
448 1628 551 1659 quibus
570 1636 598 1652 se
618 1627 693 1652 tueri
713 1627 758 1651 vel
778 1627 980 1651 contravenire
1000 1629 1105 1659 posset,
1127 1627 1227 1651 dicens
1246 1626 1335 1650 eciam
1355 1628 1383 1650 et
1403 1632 1530 1650 asserens
1550 1626 1644 1649 dictus
1664 1625 1689 1648 d.
1705 1626 1891 1648 Bonavenuta
1910 1625 1973 1657 jura

118 1673 146 1696 et
164 1673 296 1696 acciones
315 1680 349 1696 ex
369 1672 507 1704 predictis
527 1672 602 1696 nulli
625 1672 676 1696 alii
698 1671 759 1696 fore
779 1671 868 1702 datas,
891 1672 918 1694 et
937 1672 959 1694 si
981 1672 1162 1703 reperiretur,
1184 1672 1276 1702 ipsum
1291 1670 1317 1694 d,
1332 1670 1507 1702 Papafavam
1528 1670 1690 1693 indemnem
1707 1676 1818 1692 servare
1838 1668 1973 1700 promisit

119 1718 319 1748 procuratorio
339 1717 455 1741 nomine
474 1717 547 1741 dicti
566 1716 679 1740 domini
698 1715 866 1740 Guillielmi
887 1717 946 1739 suis
965 1717 1098 1747 expensis
1118 1716 1170 1739 sub
1191 1723 1263 1747 pena
1284 1715 1366 1746 dupli
1383 1715 1480 1738 damni
1502 1716 1528 1738 et
1551 1714 1687 1738 interesse
1706 1714 1734 1737 et
1753 1714 1893 1745 expensis,
1914 1720 1971 1736 cre-

118 1761 212 1785 dendo
232 1762 266 1785 de
284 1762 425 1793 expensis,
451 1761 556 1785 damno
583 1763 611 1785 et
629 1762 767 1785 interesse
787 1761 843 1784 soli
864 1761 950 1784 verbo
972 1760 1043 1784 dicti
1071 1760 1097 1784 d.
1117 1759 1262 1792 Papasave
1288 1760 1350 1783 sine
1370 1761 1548 1783 sacramento
1572 1761 1600 1783 et
1624 1759 1683 1782 alia
1707 1759 1890 1790 probacione‚
1911 1765 1973 1781 curn

118 1805 303 1837 obligacione
323 1806 453 1830 omnium
474 1806 614 1830 bonorum
635 1805 706 1829 dicti
727 1805 753 1829 d.
775 1805 949 1833 Guillielmi,
970 1806 1012 1829 ita
1033 1806 1127 1828 tamen
1149 1805 1225 1836 quod
1245 1805 1340 1828 dictus
1361 1804 1386 1827 d.
1406 1803 1593 1828 Guillielmus
1614 1811 1673 1827 non
1693 1804 1825 1827 teneatur
1845 1803 1876 1826 de
1897 1803 1973 1826 evic-

119 1850 202 1874 cione
221 1857 312 1882 neque
331 1850 364 1874 de
385 1851 571 1875 restitutione
590 1850 681 1882 precii
707 1851 766 1874 nisi
788 1858 839 1881 pro
860 1857 911 1874 suo
934 1850 1014 1874 sacto
1036 1850 1148 1873 tantum
1173 1857 1222 1873 nec
1243 1850 1386 1881 predictus
1407 1850 1587 1880 procurator.

209 1895 238 1920 S.
258 1896 295 1919 ΛΤ.
313 1895 374 1927 Ego
394 1895 514 1919 Aliotus
534 1895 567 1919 de
587 1894 783 1926 Pontelongo,
802 1894 947 1926 imperiali
970 1895 1145 1918 auctoritate
1165 1893 1292 1924 notario,
1313 1893 1434 1917 interfui
1456 1894 1483 1917 et
1501 1894 1579 1925 jussu
1599 1900 1695 1916 eorum
1723 1892 1835 1924 scripsi.

208 1983 270 2015 Ego
290 1984 410 2016 Ugucio,
431 1984 514 2008 iudex
536 1984 750 2016 infrascriptus,
770 1984 874 2015 scripsi

211 2028 271 2059 Ego
291 2028 467 2057 Anthonius,
489 2030 620 2052 notarius
640 2030 668 2052 et
688 2028 832 2052 officialis
853 2027 1068 2059 infrascriptus‚
1086 2035 1128 2050 me
1148 2027 1305 2058 subscripsi

212 2072 241 2097 S.
263 2074 299 2098 N.
318 2073 378 2105 Ego
398 2074 565 2101 Bcrnardus,
585 2074 656 2097 olim
676 2074 702 2097 d.
724 2073 803 2097 Petri
822 2073 929 2105 judicis
949 2072 983 2096 de
1003 2072 1128 2096 Casellis
1148 2072 1233 2102 filius,
1255 2073 1328 2095 civis
1348 2072 1503 2103 paduanus.
1532 2073 1662 2095 notarius
1689 2071 1900 2102 ultrascripffls,
1919 2071 1975 2094 exi-

121 2118 198 2140 stens
220 2118 248 2140 in
276 2117 372 2141 officio
392 2118 588 2150 ultrascripto,
608 2125 703 2142 coram
726 2118 839 2150 pretato
860 2117 964 2145 iudice,
985 2117 1165 2147 presentibus
1187 2116 1326 2148 predictis
1347 2117 1467 2140 testibus
1496 2117 1619 2139 notariis
1638 2118 1665 2140 et
1691 2116 1779 2139 sociis
1805 2116 1839 2139 ad
1868 2116 1976 2139 dietum

123 2161 231 2185 discum
252 2160 391 2186 Griffonis
411 2165 439 2186 et
458 2163 534 2192 aliis,
556 2164 625 2187 dicti
647 2163 754 2187 iudicis
775 2163 853 2195 jussu
874 2164 902 2186 et
921 2162 1105 2190 auctoritate,
1127 2164 1299 2186 statutorum
1322 2161 1453 2185 comunis
1470 2160 1565 2185 Padue
1580 2161 1763 2184 solemnitate
1777 2162 1804 2184 et
1819 2161 1909 2184 forma
1925 2166 1979 2183 ser-

125 2208 199 2236 vata,
220 2206 414 2239 supradictum
436 2208 658 2231 instrumentum
678 2214 710 2231 ex
732 2207 893 2231 auttentico
913 2207 1072 2238 supradicti
1089 2206 1184 2229 Alioti
1202 2205 1310 2229 notarii
1325 2205 1358 2228 de
1372 2204 1556 2237 Pontelongo
1569 2205 1691 2229 fideliter
1704 2205 1863 2236 exemplavi
1882 2204 1979 2236 signo-

124 2258 177 2281 que
196 2258 258 2274 meo
279 2251 368 2275 solito
388 2251 533 2282 roboravi,
556 2251 599 2274 nil
620 2253 649 2275 in
670 2258 703 2275 eo
723 2251 830 2275 addens
844 2251 890 2275 vel
905 2252 1044 2279 minuens,
1058 2251 1133 2282 quod
1149 2250 1324 2274 sentenciam
1340 2251 1437 2278 mutet,
1450 2251 1582 2273 currente
1595 2256 1673 2273 anno
1687 2249 1806 2273 Domini
1822 2248 1978 2272 millesimo

124 2296 325 2319 trecentesimo
345 2296 591 2327 quinquagesimo,
612 2296 778 2319 indiccione
797 2296 898 2325 tercia,
918 2295 964 2319 die
983 2296 1084 2319 martis
1102 2295 1207 2318 ultimo
1228 2294 1333 2318 mensis
1354 2295 1477 2326 augusti,
1503 2295 1642 2325 regimine
1662 2294 1820 2318 antedICto.

128 2400 207 2433 XV.
230 2419 277 2425 ——
300 2402 443 2435 Domini
457 2403 628 2441 Marsilz'o,
647 2402 813 2440 Albertin,
833 2402 1029 2446 Bomjacio,
1082 2401 1161 2433 XV.
1184 2420 1228 2424 —
1251 2402 1416 2433 Dominus
1438 2401 1628 2439 Marsae'lius,
1653 2400 1858 2437 Albertinus,
1874 2398 1981 2431 Boni-

222 2455 374 2497 Uquvn,
396 2456 558 2499 fradelli.
1170 2455 1280 2494 sacius
1311 2455 1457 2497 Ugutio.

218 2553 268 2584 40.
295 2553 374 2595 [24].
400 2572 441 2576 -
474 2554 564 2586 Fioli
597 2554 746 2587 succede
777 2554 810 2586 al
843 2554 1029 2597 magnifico
1170 2553 1222 2583 40.
1247 2550 1325 2592 [24].
1345 2567 1385 2573 -
1402 2549 1481 2581 Filii
1497 2549 1679 2591 magnifico
1696 2548 1835 2582 domino
1853 2549 1981 2582 Iacobo

129 2606 307 2639 cavaliero
331 2607 456 2639 mesier
479 2607 620 2640 Iacomo
636 2606 682 2639 da
698 2607 847 2639 Carrara
860 2606 878 2644 ¹,
896 2607 930 2639 io
947 2606 1031 2649 digo
1079 2606 1123 2638 de
1147 2603 1308 2637 Carraria
1332 2608 1590 2635 successerunt:
1616 2608 1753 2644 tempus
1775 2608 1890 2634 autem
1905 2613 1984 2634 suc-

219 2727 279 2757 XV,
292 2734 335 2759 40.
363 2728 491 2752 Variante
511 2729 621 2752 secondo
640 2729 664 2752 il
681 2729 738 2752 cod.
757 2735 854 2752 marm:
869 2728 991 2752 Domini
1003 2727 1146 2755 Marsilio,
1160 2726 1306 2753 Albertin,
1320 2724 1483 2754 Bonifacio,
1499 2723 1630 2756 Ugueon,
1644 2724 1769 2753 fradelli,
1783 2723 1854 2753 fioli,
1867 2722 1983 2748 succede

130 2769 156 2792 al
173 2770 324 2801 magnifico
344 2770 509 2794 chavaliero
531 2778 618 2794 meser
638 2771 750 2794 Iacomo
771 2771 806 2794 da
826 2769 956 2798 Carrara,
972 2771 1000 2794 io
1014 2770 1083 2801 digo
1098 2777 1113 2793 a
1127 2769 1191 2800 quel
1207 2775 1294 2791 meser
1307 2767 1428 2797 Iacomo,
1444 2767 1468 2790 e'
1484 2766 1559 2798 qual,
1574 2767 1745 2790 combatudo
1759 2767 1805 2790 nel
1821 2773 1852 2790 so
1868 2766 1984 2790 castello

132 2811 166 2834 de
185 2811 268 2843 Agna
288 2820 338 2844 per
356 2820 446 2837 meser
465 2813 614 2837 Thebaide
633 2813 800 2842 Francesco,
821 2812 940 2845 podest&
961 2813 995 2836 de
1015 2812 1092 2836 Pava
1113 2819 1162 2844 per
1175 2818 1263 2835 meser
1282 2809 1397 2843 Eccelin
1412 2810 1447 2833 da
1460 2808 1580 2838 Roman,
1595 2816 1677 2833 como
1692 2809 1724 2832 de
1739 2816 1823 2833 sovra
1836 2807 1851 2832 ὲ
1865 2810 1984 2840 scripto,

223 2897 229 2912 ¹
250 2899 384 2932 Maggior
403 2901 549 2926 notoriet'a
569 2902 671 2926 ebbero
691 2902 701 2925 i
720 2901 782 2934 flgli
802 2902 830 2926 di
851 2900 1031 2930 Giacomo,o
1087 2908 1100 2924 e
1129 2899 1281 2924 Bonifacio
1310 2900 1405 2930 presto
1435 2899 1622 2930 scompaiono
1655 2897 1732 2922 dalla
1765 2899 1824 2922 vita
1855 2897 1985 2930 politica.

132 2943 246 2966 almeno
267 2949 324 2966 uno
345 2943 375 2966 di
401 2945 464 2974 essi,
487 2944 637 2968 Mai-silio:
662 2944 827 2975 Alberfino,
852 2944 1029 2976 Uguecione,
1083 2943 1169 2973 Dopo
1191 2942 1217 2965 la
1237 2941 1335 2965 bufera
1356 2941 1540 2969 ezzeliniana,
1561 2940 1638 2964 della
1659 2940 1740 2971 quale
1761 2947 1811 2971 pur
1827 2940 1930 2964 surono
1945 2941 1984 2963 at—
