2346 3597
695 206 790 242 GES
795 205 870 241 ΓΑ
901 202 1205 240 MAGNIFICA
1235 201 1421 237 DOMUS
1451 197 1850 235 CARRARIENSIS

672 339 809 372 REDAz.
837 337 870 370 A

347 414 498 455 indeque
522 423 599 444 cum
622 411 803 454 legacione
834 410 981 447 rediens,
1006 419 1074 450 quo
1098 407 1191 439 bello

348 465 641 508 supersederetur.
685 465 730 496 Et
752 463 894 495 ulterius
918 466 1192 503 supervenerunt

348 519 464 561 legati,
484 519 551 550 filii
568 518 660 559 regis
676 517 879 559 Anglorurn,
898 515 1036 547 nomine
1052 513 1193 545 Lionel-

349 572 382 610 li,
407 572 525 613 (reneri
550 572 666 602 fratris
690 570 794 611 ipsius
812 568 941 600 domini
966 566 1191 604 Bernabonis,

350 608 478 658 domini
502 624 663 656 videlicet
691 623 833 655 Galeam
868 620 1102 657 vicecomitis,
1133 619 1190 660 qui

349 685 430 710 tunc
455 678 498 710 ob
524 677 715 710 traductam
744 685 883 707 uxorem
914 675 950 705 in
981 672 1190 705 Lombardie

348 731 504 773 partibus
527 737 600 762 erat
623 740 686 762 suo·
664 735 820 772 gestum
847 726 1103 759 Vicecomitum
1122 726 1192 757 fra-

349 792 437 816 trum
450 795 512 826 pro
525 794 611 826 pace
625 782 818 815 tractanda.
851 780 987 818 Quibus
1004 780 1192 821 imperator

349 838 422 880 ipse
455 848 556 869 aures
586 835 773 868 exhibebat
804 833 962 865 Ecclesie
997 833 1191 874 ceterisque

350 892 393 923 de
414 902 500 933 pace
525 890 749 932 persuadens,
765 894 798 919 et
821 887 987 929 precipue
1013 885 1191 923 cardinali,

348 945 405 988 qui
428 946 464 976 in
489 943 622 983 talibus,
647 942 673 973 si
698 942 880 973 tendamus
903 940 949 971 ad
972 949 1103 976 verum,
1117 949 1192 969 eru-

348 998 438 1030 ditus
470 1008 590 1038 parum
622 1001 704 1026 erat.
752 995 898 1025 Demum
929 991 1088 1023 dominus
1117 992 1191 1033 ipse

348 1050 523 1082 Bernabos
546 1055 676 1081 tantum
707 1047 793 1079 inibi
826 1046 947 1078 timens
974 1044 1192 1086 imperatoris

347 1104 536 1146 potentiam
562 1108 596 1134 et
609 1102 760 1133 hesitans
776 1099 819 1131 de
836 1099 939 1136 bello,
956 1098 984 1130 si
999 1098 1190 1140 procedere

348 1157 502 1193 deberet,
516 1167 592 1187 cum
617 1155 728 1186 eciam
754 1153 892 1185 aliunde
918 1162 1020 1194 quam
1045 1151 1124 1182 inde
1148 1150 1192 1181 ad

348 1216 458 1242 terras
480 1219 558 1241 suas
581 1217 785 1250 progressus
808 1211 955 1248 pateret,
968 1215 1038 1247 quo
1062 1205 1106 1236 de
1130 1215 1191 1235 suo

348 1262 473 1294 titubat
508 1271 599 1299 casu,
636 1272 678 1291 ne
709 1265 903 1292 verteretur
937 1259 983 1290 ad
1017 1268 1192 1294 occasum,

349 1315 557 1347 cardinalem
599 1313 847 1351 boloniensem,
890 1312 947 1354 qui
991 1317 1068 1353 post
1102 1321 1191 1352 pape

350 1369 393 1400 de
417 1367 592 1399 Avinione
618 1367 804 1398 discessum
835 1366 884 1397 ibi
915 1372 1127 1399 remanserat
1159 1371 1193 1396 et

348 1422 469 1453 unicus
506 1421 612 1462 ipsius
645 1421 775 1452 domini
815 1419 1028 1451 Bernabonis
1062 1420 1193 1450 amicus

349 1476 462 1506 fuerat
487 1480 519 1505 et
542 1480 625 1512 erat,
651 1473 812 1514 precibus
845 1479 879 1504 et
899 1473 1083 1515 legacione
1114 1472 1195 1504 soli-

350 1528 480 1564 citavit,
504 1533 541 1558 ut
571 1528 616 1558 ad
650 1527 867 1558 tractandum
890 1526 1127 1565 ‚concordium
1160 1531 1194 1556 et

349 1581 445 1623 pacis
461 1580 721 1612 conclusionem
740 1590 776 1611 se
792 1580 828 1611 in
847 1580 978 1611 Italiam
995 1580 1194 1611 transferet.

351 1635 422 1672 Qui
461 1634 590 1666 domini
628 1633 736 1675 ipsius
779 1632 993 1672 Bernabonis
1031 1632 1195 1674 precibus

351 1699 503 1720 annuens
527 1694 645 1729 preter
673 1697 761 1727 pape
785 1686 986 1723 scienciam,
1013 1686 1193 1727 colligato-

350 1754 423 1774 rum
450 1743 561 1779 fidem,
584 1739 783 1782 putantibus
808 1740 932 1771 ceteris
955 1750 1032 1770 eum
1063 1750 1106 1770 ex
1129 1739 1194 1770 hoc

350 1806 440 1837 pape
464 1794 745 1836 indignacionem
776 1794 961 1829 incursum,
985 1792 1095 1834 primo
1123 1792 1197 1823 Me-

351 1846 526 1878 diolanum
552 1852 586 1876 et
609 1846 689 1877 inde
713 1847 791 1877 loca
814 1845 904 1877 bello
930 1846 1042 1876 vicina
1059 1846 1197 1886 profec-

352 1906 405 1931 tus
421 1905 483 1931 est.
514 1898 584 1930 Ubi
608 1900 795 1931 adventum
818 1898 1095 1939 sui‚imperatori
1119 1909 1197 1940 pre-

351 1953 455 1984 missa
478 1953 619 1990 noticia,
637 1953 782 1983 letanter
798 1951 932 1983 audivit
944 1952 1047 1982 talem
1065 1957 1099 1982 et
1124 1958 1197 1982 tan·-

352 2012 423 2038 tum
448 2006 558 2037 virum
583 2006 627 2037 ad
644 2011 759 2047 partes
783 2005 920 2037 venisse
938 2006 981 2036 de
999 2015 1086 2046 pace
1104 2014 1197 2036 com-

351 2060 551 2101 positurum,
567 2069 606 2091 eo
618 2059 711 2101 quod
727 2069 800 2090 eam
814 2060 887 2100 ipse
903 2059 970 2089 iam
988 2058 1195 2100 perfecerat.

353 2113 413 2144 Set
437 2112 537 2152 ea[m]
561 2123 662 2143 ausus
678 2111 814 2142 minime
836 2111 1012 2153 detegere,
1028 2111 1195 2142 simulatis

351 2176 426 2197 eam
446 2171 652 2197 tractatuum
670 2165 843 2197 coloribus
861 2165 1020 2206 paliabat‚
1038 2175 1080 2196 ne
1105 2174 1195 2205 pape

352 2225 385 2250 et
402 2219 558 2250 Romane
579 2218 736 2249 Ecclesie
761 2219 955 2249 incurreret
978 2217 1198 2259 indignacio-

352 2283 441 2303 nem.
481 2272 571 2303 Ante
596 2272 734 2312 aut[em]
759 2272 866 2313 ipsius
888 2271 983 2313 pacis
1001 2270 1196 2302 conclusio-

352 2336 441 2361 nem,
473 2335 573 2366 quam
607 2325 762 2356 dominus
792 2325 866 2365 ipse
900 2324 1076 2355 Bernabos
1104 2323 1196 2355 nolle

353 2378 566 2417 ostendebat,
591 2389 626 2409 se
656 2379 738 2419 quid
771 2385 805 2410 ct
835 2388 912 2409 cum
945 2388 1012 2419 quo
1044 2376 1197 2408 faciebat

353 2431 561 2473 intelligens,
586 2431 744 2462 dominus
767 2431 840 2471 ipse
867 2431 1056 2472 imperator
1074 2429 1197 2472 grandi

352 2484 489 2516 stimulo
504 2483 746 2515 solicitabatur
761 2493 824 2525 per
838 2490 1010 2515 estensem
1028 2483 1199 2515 marchio-

352 2547 431 2568 nem
456 2544 490 2569 et
513 2537 647 2569 nobiles
672 2537 754 2568 alios
782 2538 824 2568 de
850 2537 994 2569 Camino
1014 2537 1106 2568 fame
1125 2547 1198 2569 mo-

353 2591 505 2628 lestatos‚
529 2591 621 2632 quod
649 2590 684 2621 in
715 2591 885 2622 seraleum
916 2601 1107 2622 veronense
1139 2590 1198 2620 de-

326 2652 329 2653 ’
352 2645 519 2675 scendere
546 2643 703 2679 deberet,
729 2654 768 2674 eo
796 2645 889 2685 quod
921 2643 1061 2687 navigia
1090 2643 1198 2685 ipsius

353 2696 484 2728 domini
508 2696 733 2733 Bernabonis,
758 2707 824 2738 que
850 2703 993 2738 propter
1009 2696 1196 2728 violentam

353 2751 487 2781 ruinam
507 2750 621 2791 pontis
637 2749 741 2791 Burgi
751 2750 848 2781 fortis
864 2750 1120 2782 descenderant
1136 2760 1199 2791 per

354 2802 485 2834 Padurn
509 2809 542 2834 et
565 2813 601 2834 se
625 2802 687 2833 sub
712 2803 817 2833 muris
841 2803 945 2834 castri
972 2802 1121 2834 Hostilie
1145 2809 1198 2833 tu-

353 2856 527 2894 tabantur,
545 2855 787 2898 navigantibus
807 2865 884 2887 cum
909 2856 1118 2887 victualibus
1137 2865 1200 2897 per

1260 830 1297 861 10

1259 1095 1296 1127 15

1257 1363 1297 1393 20

1258 1628 1297 1660 25

1261 1897 1300 1927 30

1261 2161 1300 2193 35

1262 2429 1302 2459 40

1262 2694 1302 2725 45

1677 332 1816 363 ΚΕΒΑΖ.
1841 331 1872 362 D

1352 405 1416 436 che
1433 404 1464 435 el
1481 414 1517 435 se
1534 403 1774 436 sovrasedesse
1793 402 1861 433 alla
1876 411 2011 444 guerra.
2047 401 2092 432 Et
2108 401 2198 433 oltra

1351 462 1473 498 questo
1496 466 1708 488 sovravenne
1737 455 1748 486 i
1772 454 1970 486 ambaxaori
1995 455 2038 485 de
2071 454 2198 485 mesier

1352 509 1523 548 Lionello,
1546 509 1624 541 fiolo
1649 508 1707 540 del
1730 519 1767 539 re
1792 509 1834 539 de
1862 507 2056 549 Ingelterra
2081 512 2114 538 et
2137 516 2197 547 ge-

1352 573 1435 594 nero
1461 563 1503 593 de
1528 562 1652 593 mesier
1670 561 1824 599 Galiacz‚
1842 560 1991 592 fradello
2007 559 2051 591 de
2075 559 2199 590 mesier

1352 615 1521 647 Bernabo.
1569 613 1612 645 El
1635 615 1715 656 qual
1740 615 1865 646 mesier
1890 613 2050 646 Lionello
2074 623 2136 654 per
2165 613 2198 644 la

1352 669 1471 706 moier‚
1495 668 1560 700 che
1586 667 1653 699 ello
1677 667 1787 707 havea
1810 667 1920 700 allora
1944 665 2054 704 menri,
2079 673 2113 698 et
2135 677 2199 708 per

1352 721 1529 764 sugestion
1553 721 1586 752 di
1611 720 1695 752 dicti
1712 719 1850 752 fradelli
1867 719 2028 752 Visconti
2046 720 2198 752 etiandio

1352 775 1558 816 interponea
1582 773 1612 804 le
1635 782 1673 804 so
1689 779 1787 814 parte
1803 773 2004 806 all’acordo.
2042 773 2087 805 Ai
2105 773 2198 816 quali

1353 827 1550 859 ambaxaori
1563 826 1608 858 de
1624 827 1750 858 mesier
1766 826 1924 867 Lionello
1941 827 2100 868 predicto
2114 827 2200 858 l'im-

1352 881 1501 922 perador
1525 890 1676 923 porceva
1700 879 1849 921 orechie,
1873 880 2115 921 persuadendo
2131 880 2200 912 alla

1354 935 1482 967 Ghiesa
1505 940 1538 965 et
1562 946 1581 964 a
1606 933 1758 974 caschun
1791 934 1834 964 de
1866 943 1960 974 pase,
1992 939 2026 965 et
2049 933 2197 975 special-

1352 994 1467 1020 mente
1502 987 1534 1018 el
1568 986 1734 1024 cardenal
1765 986 1809 1018 de
1840 986 1944 1024 Alba,
1976 988 2008 1018 el
2039 987 2131 1029 qual,
2161 997 2198 1018 se

1354 1042 1411 1072 nui
1434 1041 1642 1072 actendemo
1675 1040 1707 1071 al
1743 1049 1838 1078 vero,
1872 1039 1909 1071 in
1943 1045 1990 1072 tal
2021 1051 2102 1072 cose
2139 1050 2198 1072 era

1353 1095 1467 1137 pocho
1481 1093 1689 1126 informado.
1728 1093 1789 1124 Ma
1805 1103 1871 1134 pur
1887 1093 2011 1125 mesier
2027 1093 2198 1131 Bernabb,

1352 1149 1514 1180 temando
1537 1153 1632 1180 tanta
1655 1156 1835 1188 possanca,
1855 1152 1984 1188 quanta
2008 1157 2066 1178 era
2083 1147 2199 1190 quella

1352 1202 1417 1234 che
1442 1201 1663 1243 l'imperador
1693 1201 1804 1231 havea
1838 1200 1870 1237 li,
1900 1205 1934 1231 et
1965 1199 2197 1232 dubitandose

1352 1254 1444 1286 della
1468 1265 1604 1298 guerra,
1638 1264 1675 1285 se
1700 1253 1768 1285 ella
1791 1253 1903 1286 dovea
1934 1253 2043 1285 andar
2073 1253 2198 1297 inanci,

1352 1308 1583 1351 concosiache
1620 1307 1773 1339 etiandio
1814 1307 2010 1339 d'altronde
2049 1308 2113 1339 cha
2153 1308 2198 1339 da

1352 1361 1467 1404 quella
1492 1368 1589 1402 parte
1615 1371 1673 1392 era
1696 1359 1868 1392 assaltade
1894 1361 1925 1391 le
1951 1371 1989 1391 so
2014 1366 2118 1397 terre,
2136 1371 2199 1401 per

1353 1416 1384 1446 la
1409 1417 1490 1458 qual
1515 1425 1596 1446 cosa
1619 1414 1685 1445 ello
1703 1413 1869 1446 dubitava
1893 1415 1937 1446 de
1954 1424 1998 1446 no
2017 1414 2144 1455 perdet
2159 1425 2198 1445 so

1352 1470 1461 1506 stado‚
1486 1468 1553 1500 ello
1578 1467 1698 1509 priego
1722 1474 1756 1498 et
1772 1467 1908 1498 solicito
1925 1467 1955 1498 el
1973 1467 2136 1499 cardenal
2155 1468 2198 1499 de

1353 1522 1510 1564 Bologna
1535 1531 1602 1552 con
1625 1519 1824 1551 ambaxarie
1851 1526 1884 1551 et
1912 1530 1979 1552 con
2002 1521 2198 1563 preghiere,

1354 1577 1386 1607 el
1410 1576 1500 1618 qual,
1525 1575 1663 1616 partido
1682 1574 1714 1606 el
1731 1585 1822 1616 papa
1838 1573 2050 1616 d'Avignon,
2068 1585 2127 1605 era
2144 1585 2190 1607 ro·

1353 1640 1447 1661 maso
1471 1629 1494 1659 li
1515 1635 1549 1660 et
1574 1640 1633 1660 era
1657 1639 1738 1659 caro
1759 1629 1872 1669 amigo
1890 1628 1947 1659 del
1964 1629 2058 1660 dicto
2074 1628 2194 1659 mesie1

1354 1682 1525 1720 Bernaba,
1549 1683 1614 1714 che
1641 1681 1706 1713 ello
1724 1681 1858 1713 volesse
1877 1681 1988 1723 vignir
2011 1682 2046 1712 in
2065 1681 2162 1713 Italia
2179 1692 2199 1712 a

1354 1743 1481 1768 tractat
1504 1735 1659 1767 l’acordo
1677 1740 1711 1766 et
1728 1735 1760 1765 la
1774 1734 1974 1766 conclusion
1993 1734 2086 1766 della
2102 1745 2198 1776 pase.

1355 1791 1396 1822 El
1421 1790 1499 1832 qual
1525 1788 1731 1820 assentando
1756 1789 1789 1819 ai
1815 1788 1925 1830 priegi
1941 1788 1998 1819 del
2017 1788 2111 1820 dicto
2129 1799 2199 1819 me-

1355 1843 1422 1875 sier
1444 1843 1604 1874 Bernabo
1628 1843 1713 1874 oltra
1738 1842 1770 1873 el
1794 1852 1892 1873 saver
1916 1841 1972 1872 del
1998 1852 2087 1883 papa
2113 1847 2147 1872 et
2166 1842 2200 1873 la

1355 1897 1389 1928 ἑὲ
1415 1897 1450 1928 di
1475 1895 1613 1938 colliga,
1646 1896 1823 1937 pensando
1856 1895 2014 1937 ogn’omo
2039 1895 2104 1926 che
2137 1905 2200 1936 per

1355 1956 1475 1992 questo
1501 1950 1532 1980 el
1557 1949 1703 1980 dovesse
1727 1949 1882 1980 incorrer
1910 1949 1942 1979 la
1974 1948 2199 1991 indignaciou

1355 2003 1413 2035 del
1436 2003 1529 2035 dicto
1555 2004 1680 2034 mesier
1703 2003 1737 2034 lo
1762 2013 1862 2044 papa,
1894 2002 2002 2043 prima
2034 2011 2148 2033 venne
2181 2011 2202 2032 a

1356 2056 1465 2088 Milan
1498 2062 1530 2087 et
1562 2056 1616 2097 po’
1642 2057 1674 2086 ai
1710 2056 1806 2096 luogi
1844 2056 1940 2087 visini
1972 2056 2040 2087 alle
2075 2055 2201 2087 bataie.

1355 2109 1457 2142 Unde
1482 2120 1545 2151 per
1569 2109 1791 2150 l’imperador
1816 2109 1943 2141 audida
1977 2109 2113 2141 novella
2146 2108 2202 2139 del

1356 2174 1392 2196 so
1416 2163 1579 2201 advento,
1597 2163 1699 2194 molto
1717 2168 1750 2193 et
1766 2161 1999 2205 alegramente
2017 2162 2049 2193 el
2068 2162 2103 2194 fo
2121 2171 2202 2193 con-

1355 2223 1450 2248 tento
1476 2216 1540 2248 che
1564 2216 1632 2248 tale
1657 2222 1691 2247 et
1707 2221 1800 2247 tanto
1820 2215 1921 2246 homo
1937 2216 2028 2247 fosse
2045 2215 2201 2257 vignudo

1355 2271 1390 2301 in
1413 2270 1511 2302 Italia
1536 2280 1596 2311 per
1614 2275 1745 2301 tractar
1762 2268 1806 2300 de
1825 2279 1917 2309 pase,
1934 2275 1967 2300 et
1985 2275 2106 2311 questo
2124 2278 2202 2310 per-

1356 2324 1421 2356 che
1447 2323 1478 2354 el
1504 2323 1596 2354 dicto
1621 2323 1818 2363 imperador
1842 2322 1873 2353 la
1898 2322 2007 2354 havea
2030 2322 2071 2365 ca
2095 2322 2201 2353 facta.

1355 2376 1415 2408 Ma
1438 2386 1482 2408 no
1514 2376 1545 2407 la
1577 2376 1706 2407 osando
1741 2376 1927 2412 descovrir‚
1954 2376 1986 2407 la
2018 2375 2203 2408 occultava

1357 2440 1423 2462 con
1453 2430 1531 2460 novi
1565 2430 1672 2461 colori
1707 2431 1749 2461 de
1782 2429 1944 2467 tractadi,
1975 2428 2105 2471 acoche
2134 2427 2202 2459 ello

1357 2494 1400 2515 no
1425 2484 1616 2514 incorresse
1642 2483 1678 2514 in
1701 2483 1925 2525 indignacion
1957 2482 2014 2514 del
2047 2492 2137 2524 papa
2168 2487 2202 2513 et

1358 2535 1449 2567 della
1473 2534 1601 2566 Ghiesa
1625 2535 1669 2567 de
1694 2535 1816 2567 Roma.
1856 2535 1916 2567 Ma
1932 2536 1997 2567 che
2015 2535 2117 2578 nanci
2135 2535 2202 2567 alla

1358 2589 1559 2620 conclusion
1584 2589 1676 2620 della
1693 2599 1786 2630 pase,
1810 2590 1843 2620 la
1867 2589 1947 2631 qual
1970 2589 2097 2620 mesier
2120 2588 2204 2620 Ber-

1358 2641 1446 2673 nabo
1471 2647 1642 2673 mostrava
1668 2643 1709 2673 de
1742 2653 1785 2674 no
1817 2642 1923 2679 voler,
1947 2640 2202 2673 intendandose

1359 2695 1422 2726 che
1448 2701 1481 2726 et
1506 2697 1595 2727 chon
1621 2696 1676 2727 chi
1699 2696 1765 2727 ello
1783 2697 1893 2727 havea
1919 2706 1938 2726 a
1960 2695 2025 2732 far,
2052 2694 2085 2726 el
2109 2695 2202 2726 dicto

1357 2748 1552 2789 imperador
1576 2749 1692 2790 vignia
1717 2749 1852 2780 solicita
1875 2759 1940 2780 con
1965 2759 2049 2791 gran
2075 2748 2200 2780 stimuli

1358 2812 1420 2842 per
1446 2802 1476 2832 lo
1495 2803 1671 2833 marchese
1697 2802 1823 2834 Nicolo
1840 2808 1873 2833 et
1891 2813 1952 2842 per
1969 2803 1977 2832 i
1996 2801 2070 2832 altri
2093 2801 2202 2833 nobili

1358 2854 1415 2886 del
1441 2864 1574 2896 campo,
1598 2856 1609 2885 i
1633 2855 1726 2897 quali
1750 2865 1809 2886 era
1826 2855 1931 2886 molto
1949 2854 2091 2886 molesta
2109 2853 2201 2885 dalla

1450 2975 1491 3001 35.
1514 2971 1604 2993 molto
1624 2978 1672 2993 om.
1693 2971 1719 2993 I'
