2346 3597
279 2555 309 2571 10

279 2766 307 2790 15

344 314 373 336 in
393 313 438 336 die
458 312 568 337 iudicii.
603 311 721 344 Insuper
741 313 896 345 componat
915 320 967 344 ego
987 312 1100 337 Litolfo
1119 313 1165 337 vel
1184 314 1252 337 meis
1271 313 1431 343 heredibus,
1451 313 1495 337 vel
1515 314 1564 344 qui
1583 313 1635 338 hec
1655 314 1747 338 facere
1766 314 1914 339 voluerint
1932 322 1947 339 a
1967 321 2032 347 pars
2051 314 2180 347 predicta

340 356 457 380 eoelesia
475 357 641 381 beatissimo
662 358 762 381 sancto
781 357 914 385 Stefi'ano,
935 359 1009 381 sicut
1029 364 1111 389 supra
1131 358 1246 388 legitur,
1267 358 1363 381 omnia
1385 358 1413 381 in
1435 357 1561 389 duplum,
1573 360 1600 382 et
1620 358 1737 390 insuper
1756 366 1829 390 pena
1849 360 1997 390 argentum
2018 359 2106 384 libras
2119 366 2181 383 cen-

341 404 408 424 tum.
445 401 497 425 Sed
516 401 566 424 hee
585 408 697 432 presens
718 402 823 433 pagina
842 401 1004 425 offersionis
1024 405 1051 425 et
1072 402 1243 426 tradicionis
1265 409 1330 429 mee.
1352 403 1381 425 ut
1403 409 1487 433 supra
1507 402 1622 434 legitur,
1644 403 1779 434 omnique
1798 405 1926 435 tempore
1945 403 2023 427 firma
2042 406 2070 427 et
2089 404 2178 428 stabi·

342 446 405 474 lem,
424 446 594 469 invonvulsa
613 447 642 469 ct
661 446 860 470 irrevocabilis
881 448 1043 477 permaneat
1062 446 1264 477 perpetualiter
1284 448 1311 469 et
1332 447 1360 469 in
1382 453 1410 469 se
1429 447 1563 478 omnique
1583 448 1710 478 tempore
1730 447 1860 471 obtineat
1886 448 1987 472 robore
2013 449 2074 471 sine
2100 447 2180 471 omni

344 490 559 514 contradit-ione
579 491 716 514 omnium.

428 535 533 558 Actum
553 534 629 558 infra
649 536 711 566 ipsa
730 535 857 563 ern-lesia,
878 535 1010 559 feliciter.

428 579 547 611 Signum
567 587 680 603 manum
700 581 828 612 predicto
849 580 970 608 Litolfo,
989 580 1037 611 qui
1057 580 1128 603 hanc
1149 581 1282 612 paginam
1304 580 1465 604 offersionis
1485 580 1545 604 fieri
1564 582 1680 613 rogavit
1698 584 1730 605 ut
1749 589 1842 613 supra.

432 623 551 655 Signum
570 631 682 647 manum
703 624 844 648 Gananno
865 626 892 648 et
911 624 1037 654 Litolfo‚
1057 624 1116 648 filio
1137 624 1279 655 quondam
1301 625 1451 652 Bernardo,
1471 625 1499 648 et
1524 625 1665 649 Iohannes
1694 626 1808 650 Valerio
1834 627 1867 650 de
1894 626 1959 650 loco
1989 625 2180 654 Montesfflce,

344 668 473 692 viventes
493 668 554 699 lege
573 668 840 700 Longobardorum,
861 671 954 693 testes.

428 712 488 744 Ego
508 712 649 736 Iohannes
669 714 800 737 notarius
820 713 903 737 huius
924 714 1058 745 paginam
1078 713 1239 738 offersionis
1259 714 1361 745 scripsi
1382 716 1446 746 post
1466 715 1574 738 tradita
1593 715 1746 747 complevi.

429 801 489 832 Ego
510 799 536 831 [*
549 799 600 833 **]
619 801 704 825 iudex
725 802 926 833 infrascriptus
947 802 1115 834 subscripsi.

427 845 488 877 Ego
507 845 640 869 Isnardus
662 847 790 870 notarius
809 848 837 869 et
856 847 949 870 socius
968 847 1169 878 Infrascriptus
1190 855 1232 870 me
1252 847 1406 879 subscripsi
1426 849 1454 871 et
1473 847 1623 871 ascultavi.

428 890 455 913 S.
471 890 507 913 N.
528 890 587 921 Ego
602 890 769 916 Bernardus.
783 891 854 914 olim
869 891 980 915 domini
996 891 1072 915 Petri
1085 891 1192 923 judicis
1206 892 1240 915 de
1254 891 1376 916 Casellis
1390 891 1474 920 filius,
1489 892 1563 915 civis
1577 893 1732 924 paduanus,
1754 893 1884 917 notarius
1899 892 2108 923 ultrascriptus‚
2122 891 2182 915 exi-

340 935 416 957 stens
437 935 466 957 in
487 934 580 958 officio
601 935 796 966 ultrascripto,
816 943 910 959 coram
931 935 1044 968 prefato
1064 936 1166 964 iudice,
1186 937 1365 967 presentibus
1380 938 1588 968 prenominatis
1601 937 1722 960 testibus
1737 937 1860 960 notariis
1879 938 1906 960 et
1920 937 2009 960 sociis
2022 936 2057 960 ad
2072 935 2180 960 dictum

340 978 448 1002 discum
468 979 569 1002 Dulcis
583 981 608 1002 et
623 979 698 1007 aliis,
717 979 809 1010 ipsius
829 980 935 1003 iudicis
956 981 1032 1004 iussu
1052 982 1079 1004 et
1100 982 1282 1010 auctoritate,
1302 982 1473 1005 statutorum
1494 983 1653 1005 communis
1671 981 1765 1004 Padue
1780 981 1964 1005 solemnitate
1978 983 2005 1004 et
2021 981 2111 1004 forma
2124 987 2181 1004 ser-

341 1024 413 1050 vata,
433 1024 656 1055 suprascriptum
678 1024 899 1047 instrumentum
915 1032 948 1048 ex
963 1026 1125 1048 auttentico
1144 1025 1332 1057 suprascripti
1354 1025 1499 1055 Iohannis,
1514 1028 1598 1057 prout
1613 1022 1716 1057 reperiJ
1727 1025 1850 1049 fideliter
1868 1025 2028 1057 exemplavi
2043 1025 2182 1056 signoque

342 1075 402 1091 meo
423 1067 510 1091 solito
530 1068 674 1097 roboravi,
690 1068 731 1091 nil
746 1068 776 1091 in
796 1075 829 1092 eo
848 1069 956 1092 addens
976 1069 1020 1093 vel
1041 1070 1179 1098 minuens,
1199 1070 1274 1100 quod
1296 1077 1407 1093 sensum
1431 1070 1475 1094 vel
1496 1072 1668 1094 sentenciam
1684 1072 1771 1094 mutet
1784 1073 1832 1094 aut
1847 1071 1946 1098 variet,
1959 1071 2089 1093 currente
2102 1076 2180 1093 anno

344 1113 452 1136 domini
483 1113 636 1136 millesimo
663 1114 862 1137 trecentesimo
891 1115 1137 1145 quinquagesimo,
1165 1115 1325 1138 indictione
1352 1116 1448 1143 tercia,
1474 1116 1520 1139 dIe
1549 1117 1647 1139 martis
1674 1117 1766 1146 primo
1796 1116 1900 1139 mensis
1931 1116 2014 1142 iunii,
2043 1115 2183 1146 regimine

344 1157 502 1181 antedicto.

618 1245 678 1277 III.
703 1264 744 1267 ——
777 1245 955 1288 Hem-iga.

429 1352 459 1382 4.
492 1350 546 1392 [21.
575 1369 612 1373 —
640 1351 737 1383 Fiolo
760 1352 869 1393 primo
898 1352 979 1393 de[l]
1004 1354 1236 1395 sovrascripto

339 1404 481 1441 Litolfo,
506 1405 592 1436 siolo
610 1405 652 1436 de
675 1405 877 1437 Gumberto.
923 1404 1057 1443 Questo
1082 1406 1235 1449 Henrigo

337 1458 369 1488 io
394 1464 492 1490 trovo
525 1468 567 1488 ne
596 1458 712 1489 l'anno
744 1458 801 1490 del
834 1459 951 1502 signor
975 1459 1068 1490 mille
1092 1466 1235 1492 sexanto

337 1517 416 1542 octo
441 1511 567 1542 havere
593 1513 781 1552 comprado
806 1512 1023 1554 possessione
1047 1513 1099 1544 sul
1116 1514 1235 1545 confin

338 1565 380 1594 de
398 1563 583 1595 Pernumia
601 1565 644 1596 da
662 1575 730 1596 una
747 1564 1085 1597 femena'nominada
1102 1567 1234 1609 Apella,

337 1627 435 1648 come
453 1617 650 1650 demonstra
667 1618 700 1649 lo
713 1619 942 1650 instrumento
955 1625 1052 1651 socto
1069 1620 1200 1660 scripto
1213 1620 1234 1652 ¹.

429 2167 434 2182 ¹
454 2169 477 2192 Il
498 2170 624 2193 cronista
645 2176 785 2192 carr-arose
807 2176 864 2192 non
880 2176 1002 2193 conosce
1016 2169 1045 2193 di
1060 2169 1167 2193 Enrico
1182 2169 1231 2192 che

339 2212 438 2240 questo
458 2210 639 2240 documento,
654 2211 683 2233 in
699 2213 807 2241 quanto
821 2211 878 2242 egli
893 2217 927 2234 ne
945 2209 959 2234 “e
974 2210 996 2234 il
1011 2211 1118 2234 diretto
1132 2212 1231 2234 autore

338 2259 352 2274 e
372 2252 407 2275 da
426 2252 468 2276 lui
487 2253 725 2284 completamente
745 2260 859 2276 emanat
880 2261 924 2276 ma
945 2254 966 2276 si
989 2254 1100 2277 ritrova
1115 2253 1230 2281 Enrico,

339 2293 358 2316 il
379 2295 461 2324 quale
482 2295 512 2317 fu
533 2297 610 2318 certo
632 2296 650 2318 il
673 2296 819 2327 maggiore
839 2296 882 2319 dei
899 2295 957 2326 figli
980 2295 1009 2318 di
1029 2295 1156 2325 Litolfo,
1170 2297 1230 2326 poi·

338 2335 386 2360 ch'e
406 2335 456 2368 piu
476 2338 551 2361 tardi
572 2338 693 2361 esercito
716 2339 742 2361 la
762 2338 853 2361 tutela
880 2338 923 2361 sul
949 2338 1028 2369 figlio
1050 2339 1160 2361 minore
1185 2338 1229 2362 del

339 2379 453 2402 fratello
473 2380 616 2408 Artiucio,
643 2388 720 2403 rome
747 2379 927 2410 (limostrcro,
954 2380 1030 2403 nella
1056 2381 1230 2404 trattazione

336 2421 411 2444 della
430 2429 514 2445 causa
535 2429 583 2453 per
605 2422 612 2445 i
633 2422 699 2446 beni
720 2422 763 2445 dei
787 2422 919 2446 canonici
939 2423 1083 2454 padovani
1105 2422 1227 2446 svoltasi

337 2471 350 2485 :1
372 2463 485 2487 Verona
508 2463 527 2486 il
552 2471 580 2495 ¹3
603 2473 615 2487 e
639 2471 665 2494 14
691 2472 786 2489 marzo
811 2470 875 2497 1077
896 2465 1038 2488 dinnanzi
1059 2464 1230 2496 all'impera-

336 2508 398 2529 tore
418 2506 524 2529 Enrico
543 2504 592 2538 (cf.
623 2507 751 2537 emmo,
771 2508 879 2537 Αἰόενυ,
900 2515 926 2538 p.
947 2514 974 2537 3:
995 2506 1029 2531 cf.
1056 2507 1085 2530 S.
1106 2506 1231 2539 Stefana,

336 2556 362 2579 p.
380 2555 424 2576 12;
440 2549 585 2577 Bormum,
601 2550 639 2573 Le
652 2550 826 2581 origw'nieit..
844 2557 869 2582 p.
885 2550 941 2582 53).
980 2550 1045 2573 Non
1062 2550 1230 2574 intervenne

335 2591 441 2614 Enrico
456 2592 481 2614 al
497 2592 605 2622 placito
619 2593 696 2623 regio
712 2593 755 2615 del
772 2599 801 2623 14
817 2600 912 2616 marzo
926 2592 1062 2624 (Gnonm,
1076 2593 1137 2617 Coa'.
1151 2592 1228 2623 dipl„

326 2632 355 2659 .1,
377 2632 435 2662 266,
457 2641 481 2657 n.
503 2634 574 2665 239),
590 2632 669 2657 bens]
691 2635 804 2658 all‘atto
819 2635 848 2658 di
863 2635 996 2658 riuum-ia
1010 2635 1039 2658 di
1060 2633 1180 2658 Rustico
1195 2635 1230 2658 da

337 2676 534 2707 Montagnana
561 2676 622 2706 (ivi,
648 2675 667 2706 1,
697 2675 755 2707 265,
785 2685 810 2700 n.
833 2676 903 2707 238),
923 2675 1027 2709 poiche
1047 2676 1114 2700 altri
1140 2684 1195 2700 non
1216 2675 1230 2700 ὲ

338 2718 442 2741 l'Eriw
460 2718 495 2741 da
524 2718 623 2741 Verona
640 2719 678 2741 ivi
695 2718 806 2742 firmato
828 2727 875 2750 per
896 2726 1001 2749 errore,
1022 2726 1101 2743 come
1121 2726 1170 2751 per
1188 2726 1228 2742 er·

337 2768 399 2784 rore
420 2761 441 2783 si
463 2762 548 2784 trova
575 2762 675 2790 Operm
696 2762 731 2783 da
752 2761 917 2790 lv'untaniva,
938 2761 1037 2785 invece
1062 2761 1090 2784 di
1118 2761 1228 2793 Ogerio,

338 2802 461 2826 L'esatta
482 2803 594 2826 lezione
614 2803 658 2826 (iel
681 2811 762 2826 nome
782 2805 884 2828 risulta
905 2805 950 2828 (lai
972 2805 1124 2828 successivi
1145 2804 1228 2827 docu-

337 2847 435 2873 menti,
456 2854 469 2869 ε
489 2843 550 2869 εἰοὸ
569 2845 645 2869 dalla
662 2847 794 2869 rinunzia
816 2846 859 2869 del
883 2853 1005 2870 vescovo
1021 2848 1096 2870 circa
1111 2846 1137 2870 la
1152 2848 1228 2870 corte

337 2888 364 2911 di
381 2888 569 2919 Galzignano,
584 2896 596 2911 e
611 2888 655 2911 dal
678 2888 786 2919 placito
807 2888 851 2912 del
873 2889 1041 2913 cancelliere
1060 2888 1201 2920 Gregorio
1215 2895 1229 2911 e

337 2930 379 2953 (iel
402 2937 492 2953 mess-o
514 2930 592 2961 regio
613 2929 748 2953 oden-ivo
769 2930 845 2954 sullo
869 2933 958 2954 stesso
979 2933 1156 2961 argomento,
1183 2930 1226 2953 nel

337 2973 419 3002 quale
445 2973 662 3003 compariscuno
690 2974 731 2995 tra
761 2973 767 2995 i
797 2973 944 2996 res-[dentes
970 2972 1029 3003 (iz-i,
1056 2973 1076 3002 Ι,
1104 2972 1152 3004 267
1179 2980 1229 3003 sg.,

1290 1247 1349 1279 III.
1368 1266 1408 1270 —
1426 1247 1610 1289 Henricus,
1624 1248 1810 1286 Artiucius,
1828 1248 2031 1280 Gumbertus
2036 1246 2185 1290 fratres.

1380 1355 1408 1386 4.
1426 1372 1470 1377 ——
1486 1354 1733 1397 Suprascripto
1750 1355 1916 1396 Litolpho
1933 1359 2186 1392 successerunt,

1290 1407 1387 1438 cuius
1402 1408 1632 1440 successionis
1656 1408 1742 1440 illud
1760 1419 1825 1451 ego
1844 1416 1978 1450 tempus
1993 1407 2186 1451 legentibus

1290 1460 1475 1498 adhibebo,
1499 1462 1591 1503 quod
1608 1461 1753 1502 primum
1770 1472 1836 1504 ego
1853 1462 2003 1504 reperio,
2019 1471 2108 1493 anno
2126 1462 2187 1493 do-

1289 1513 1373 1544 mini
1409 1513 1543 1546 scilicet
1582 1514 1764 1553 millesimo
1803 1515 2015 1557 sexagesimo
2050 1520 2188 1551 octavo,

1289 1573 1390 1608 prout
1412 1567 1447 1598 in
1471 1567 1687 1599 documentis
1710 1568 1754 1600 de
1777 1568 1861 1609 ipsis
1883 1567 2105 1610 loquentibus
2129 1567 2184 1599 hic

1288 1620 1380 1651 infra
1402 1620 1554 1663 colliget.
1597 1621 1642 1652 Hi
1666 1626 1808 1662 paterna
1833 1621 2022 1662 predivites
2046 1620 2187 1652 heredi-

1288 1679 1359 1705 tate
1377 1674 1586 1706 monasterio
1603 1673 1638 1706 S.
1657 1674 1826 1716 Stephani
1844 1675 1887 1706 de
1905 1674 2063 1706 Carraria
2081 1675 2184 1707 etiam

1289 1727 1404 1758 dotem
1440 1728 1663 1768 addiderunt,
1700 1728 1764 1759 viri
1802 1728 1923 1770 utique
1955 1727 2121 1760 liberales
2152 1734 2184 1759 et

1288 1779 1458 1818 munifici,
1482 1780 1580 1822 equis
1598 1786 1632 1812 et
1645 1781 1750 1812 armis
1767 1780 1941 1813 deiectati.
1989 1781 2026 1812 In
2043 1781 2186 1813 civitate

1287 1833 1406 1865 Padue
1435 1840 1597 1876 parentes
1627 1835 1822 1866 habuerunt
1858 1835 1997 1872 amicos,
2031 1845 2117 1877 quos
2151 1841 2186 1867 et

1286 1886 1352 1928 ipsi
1369 1887 1470 1918 donis
1492 1897 1534 1918 ac
1558 1887 1746 1919 honoribus
1769 1888 1946 1930 prosecuti
1970 1894 2058 1920 sunt.
2098 1888 2183 1919 Item

1288 1945 1322 1971 et
1345 1940 1438 1972 idem
1462 1941 1665 1982 opulentum
1689 1951 1804 1972 eorum
1838 1941 2080 1983 patrimonium
2105 1951 2184 1983 pos-

1286 1993 1476 2026 sessionum
1501 1994 1732 2036 emptionibus
1756 1994 1973 2036 ampliarunt.

1286 2176 1334 2192 nn.
1356 2175 1415 2200 240,
1436 2169 1508 2200 241).
1544 2169 1586 2192 Lo
1607 2172 1696 2192 stesso
1722 2169 1828 2192 Enrico
1853 2168 1867 2193 ὲ
1891 2169 2075 2193 menzionato
2094 2170 2177 2201 quale

1283 2213 1354 2235 teste
1375 2211 1451 2235 nella
1471 2211 1633 2235 donazione
1657 2211 1702 2235 del
1717 2211 1822 2235 march.
1842 2212 1964 2235 Alberto
1984 2212 2063 2235 Azzo
2077 2212 2103 2236 al
2120 2219 2177 2236 mo-

1286 2256 1398 2277 nastero
1417 2254 1446 2277 di
1472 2254 1654 2285 Vangadizza
1675 2254 1720 2277 del
1746 2261 1772 2285 ¹3
1797 2253 1888 2285 aprile
1912 2260 1975 2285 ¹097
1998 2254 2059 2285 (ivi,
2076 2253 2097 2283 1,
2116 2261 2176 2286 345,

1283 2304 1309 2319 n.
1327 2297 1399 2327 321),
1420 2304 1434 2320 e
1455 2296 1529 2319 nella
1551 2296 1714 2319 donazione
1734 2297 1768 2319 da
1791 2296 1831 2319 lui
1857 2296 1928 2320 (atta
1950 2296 2130 2321 unltamente
2149 2297 2176 2320 al

1285 2338 1399 2362 fratello
1425 2337 1536 2362 Milone
1556 2339 1580 2361 al
1605 2340 1767 2361 monastero
1787 2338 1815 2361 di
1837 2338 1863 2362 S.
1884 2337 2020 2362 Giustina
2041 2339 2086 2362 nel
2111 2344 2176 2369 1095

1285 2379 1346 2410 (ivi,
1366 2381 1385 2409 Ι,
1407 2387 1433 2404 n.
1452 2379 1528 2411 316).
1565 2381 1590 2404 Α
1611 2382 1689 2404 torto
1712 2380 1731 2403 il
1752 2380 1864 2404 Ceoldo
1885 2380 2002 2410 (AIbero,
2023 2389 2048 2413 p.
2065 2380 2091 2411 4)
2109 2381 2176 2405 vuol

1282 2422 1460 2454 distinguere
1481 2423 1501 2446 il
1523 2425 1622 2446 nostro
1640 2422 1745 2446 Eanco
1766 2423 1800 2446 da
1822 2423 1927 2453 quello,
1938 2423 1989 2447 che
2003 2425 2177 2455 comparisce

1284 2465 1359 2488 nella
1379 2466 1455 2488 carta
1476 2465 1520 2488 del
1545 2472 1619 2496 1095,
1640 2465 1672 2488 ed
1693 2465 1794 2488 invece
1815 2473 1847 2488 ne
1868 2465 1896 2488 sa
1916 2473 1953 2488 un
1973 2466 2102 2489 tutt’uno
2122 2472 2175 2490 con

1282 2507 1358 2531 altro
1372 2507 1486 2535 Enrico,
1500 2507 1579 2539 figlio
1594 2508 1621 2531 di
1639 2508 1749 2531 Milone
1762 2515 1776 2531 c
1791 2509 1894 2531 marito
1910 2508 1936 2531 di
1951 2508 2082 2532 Adelasa.
2102 2507 2176 2536 Que-

1283 2549 1434 2574 st’ultimo.
1454 2551 1696 2574 contrariamente
1716 2558 1731 2573 a
1751 2552 1858 2581 quanto
1879 2558 1964 2579 pensa
1990 2550 2011 2574 11
2036 2550 2175 2574 Brunacci

1282 2591 1395 2623 (Ιειονίιι
1414 2593 1471 2620 cit..
1490 2592 1507 2615 1.
1522 2592 1595 2622 XIX,
1610 2599 1636 2624 p.
1652 2591 1722 2623 708),
1737 2592 1806 2616 deve
1821 2599 1911 2616 essere
1925 2592 2105 2616 identificato
2119 2600 2174 2617 con

1281 2634 1387 2665 quello,
1398 2634 1426 2657 di
1444 2635 1486 2658 cui
1502 2635 1621 2665 pai-lano
1633 2635 1658 2658 le
1670 2636 1891 2658 testimonianze
1903 2634 1976 2658 sulla
1987 2634 2118 2658 Saccisca
2130 2635 2173 2658 del

1287 2682 1352 2707 ¹¹50
1371 2676 1507 2708 (GL-mm.
1521 2676 1860 2708 Cod.dip.'.‚11‚1,p.383,
1877 2685 1903 2700 n.
1919 2676 1991 2708 526),
2005 2684 2083 2700 come
2095 2685 2109 2700 a
2124 2684 2175 2700 suo

1283 2720 1377 2749 tempo
1397 2719 1538 2743 vedrcmo.
1577 2718 1665 2743 Certo
1686 2727 1732 2743 era
1754 2727 1857 2742 ancora
1872 2719 1940 2742 vivo
1962 2719 2006 2742 nel
2031 2717 2174 2749 1109(iv1'‚

1282 2760 1316 2787 11.
1337 2766 1356 2788 1,
1376 2767 1417 2791 33.
1439 2768 1465 2784 n.
1486 2760 1741 2792 41).comparen‹lo
1763 2762 1782 2784 il
1804 2768 1817 2791 5
1839 2761 1947 2792 giugno
1962 2762 2057 2784 tutore
2071 2760 2115 2784 del
2131 2762 2175 2784 ni-

1282 2804 1348 2835 potc
1369 2802 1508 2830 Marsilio„
1529 2810 1573 2826 ma
1593 2810 1638 2826 era
1660 2803 1951 2835 morto‚egualmente
1971 2803 2020 2826 che
2040 2803 2049 2826 i
2066 2803 2171 2826 fratelli

1282 2845 1356 2873 suoi,
1377 2845 1420 2868 uel
1445 2852 1519 2875 1114,
1545 2845 1658 2876 quando
1687 2846 1693 2868 i
1715 2845 1894 2869 discendenti
1914 2845 1943 2868 di
1965 2846 2055 2876 questi
2077 2846 2172 2868 otten-

1282 2894 1349 2910 nero
1370 2887 1613 2919 dall'imperatore
1632 2887 1737 2911 Enrico
1756 2887 1794 2910 IV
1811 2887 1830 2910 il
1852 2887 2008 2919 privilegio
2023 2887 2050 2910 di
2073 2887 2172 2911 immu-

1283 2927 1343 2952 nitiz
1362 2929 1613 2960 giurisdizionale:
1635 2931 1663 2953 in
1685 2930 1741 2953 tale
1761 2930 1889 2960 diploma
1905 2937 2026 2953 nessuno
2047 2930 2090 2953 (lei
2113 2929 2170 2961 figli

1282 2971 1311 2994 (11
1331 2970 1443 2995 Ι,ἰῐ«)1(ο
1464 2969 1514 3002 piu
1533 2973 1717 3003 comparisce.

2214 711 2246 738 10

2214 977 2245 1004 15

2222 1248 2263 1278 20

2212 1567 2253 1599 25

2212 1835 2254 1866 30

2207 2349 2238 2375 ²5

2205 2558 2239 2584 30

2203 2769 2234 2794 35

2204 2978 2237 3002 40
