2346 3597
16 774 56 805 10

16 1094 54 1125 15

20 1404 56 1431 20

22 1849 57 1876 30

20 2293 55 2319 40

20 2515 53 2542 45

19 2737 54 2764 50

445 161 619 197 GESTA
649 160 958 196 MAGNIFICA
988 161 1171 196 DOMUS
1201 162 1592 198 CARRARIENSIS

86 295 180 327 l’alta
196 305 277 327 casa
293 295 338 326 da
351 295 512 331 Carrara,
531 293 662 335 perche
679 303 785 335 senca
803 293 834 324 le
852 293 988 325 infinite

85 349 292 391 possession,
317 348 383 380 che
407 348 520 390 questi
543 347 699 389 germani
715 346 805 388 parti
828 352 883 378 tra
902 346 988 384 loro,

81 407 190 445 'senca
205 403 217 434 i
234 401 334 434 feudi
359 407 393 434 et
416 401 426 432 i
451 400 585 437 vasalli,
608 410 673 439 pur
695 405 748 430 tra
773 399 831 430 elli
851 400 988 441 partile

85 456 219 498 fortece
242 455 479 496 infrascripte,
496 453 558 496 ςοὲ
576 453 609 484 el
634 452 778 484 castello
796 453 840 484 de
857 453 989 484 Pernu-

85 510 154 541 mia
178 520 244 541 con
268 509 301 540 la
324 519 384 540 soa
409 513 505 539 corte
529 511 563 538 et
580 506 768 544 territorio,
786 507 938 538 contado
954 512 989 538 et

85 563 266 599 destretto,
289 561 393 604 Agna
408 560 527 592 conia
549 569 610 591 soa
626 565 723 591 corte
748 566 784 591 et
807 559 987 603 destretto‚

85 614 246 652 Carrara,
268 613 486 656 Anguillara‚
517 612 676 650 Cartura,
708 618 742 643 et
772 612 856 644 altre
888 613 988 644 innu-

84 668 250 700 merabile
274 677 365 708 cose,
390 667 469 698 dele
501 665 581 708 qual
605 675 641 697 se
673 666 710 697 fa
734 666 837 706 piena
861 665 897 697 te
922 676 984 707 per

84 721 117 753 lo
150 722 379 753 instromento
414 725 503 751 sotto
538 718 669 760 scripto
704 729 747 749 ne
778 719 893 750 l’anno
929 718 986 750 del

83 775 202 818 signor
224 774 317 806 mille
334 773 486 805 duxento
502 772 684 814 quindese,
701 782 800 804 como
817 771 986 813 apparera

84 839 152 871 qua
176 828 234 870 giu
260 828 303 859 de
326 832 428 858 sotto.

173 934 226 965 26.
249 951 290 956 -—
314 933 546 965 Instrumento
570 942 671 964 como
689 933 811 964 mesier
834 933 984 972 I-acomo,

83 987 169 1019 siolo
193 996 237 1018 en
261 997 329 1029 qua
353 986 429 1018 drio
453 986 496 1018 de
513 986 639 1017 mesier
655 985 815 1017 Marsilio
839 986 884 1017 da
900 985 985 1017 Car-

83 1051 172 1078 rara,
197 1051 216 1071 a
240 1050 342 1071 rason
365 1039 410 1070 de
442 1038 558 1070 livello
590 1038 794 1080 perpetuale
819 1048 881 1078 per
898 1038 925 1069 si
949 1044 984 1070 et

83 1093 248 1125 Albertin
278 1103 316 1124 so
338 1092 490 1124 fradello
521 1092 647 1123 investi
677 1091 791 1128 Piero,
822 1092 908 1123 tiolo
940 1092 983 1123 de

83 1157 197 1179 meser
209 1146 416 1188 Henrigetto
432 1145 557 1188 picolo‚
571 1145 616 1176 de
627 1151 714 1176 tutte
730 1145 983 1186 l’infrascripte

83 1207 181 1243 poste
206 1200 248 1232 de
274 1199 392 1236 molin,
415 1199 447 1230 le
464 1198 566 1240 quale
584 1198 641 1229 elli
658 1198 746 1229 have
762 1198 895 1229 inseme
913 1208 980 1229 con

84 1253 272 1286 Bonifacio
280 1257 320 1284 'et
333 1251 480 1294 Albrigo
489 1250 591 1289 Lion,
601 1261 662 1282 suo
673 1251 829 1293 germani
839 1250 949 1282 cosini
961 1250 982 1281 ¹.

1125 930 1179 960 26.
1215 947 1255 951 ——-
1292 930 1560 962 Instrumentum
1597 932 1745 974 qualiter
1780 933 1938 966 dominus

1035 983 1194 1023 Iacobus,
1220 983 1393 1025 quondam
1418 984 1545 1015 domini
1563 984 1722 1023 Manilii,
1738 987 1814 1030 jure
1831 987 1937 1019 live-lli

1035 1036 1249 1079 perpetualis
1279 1047 1343 1078 pro
1375 1047 1411 1068 se
1445 1043 1478 1068 et
1509 1037 1690 1070 Albertino
1723 1040 1796 1070 eius
1828 1040 1936 1072 fratre

1032 1090 1210 1122 investivit
1237 1089 1388 1128 Petrum,
1420 1090 1531 1121 filium
1565 1092 1697 1123 domini
1729 1092 1937 1136 Hendrigeti

1034 1143 1149 1185 pizoli,
1173 1143 1218 1174 de
1243 1143 1400 1175 omnibus
1423 1144 1654 1186 infrascriptis
1678 1146 1783 1187 postis
1806 1147 1938 1178 molen-

1034 1198 1206 1234 dinorum,
1231 1207 1316 1238 quas
1338 1197 1403 1238 ipsi
1430 1197 1559 1229 habent
1583 1209 1660 1230 cum
1687 1200 1869 1232 Bonifacio
1901 1206 1936 1232 et

1035 1249 1179 1282 Albrico
1203 1250 1336 1288 Leone,
1360 1251 1430 1281 suis
1454 1251 1669 1294 propinquis».

171 1361 204 1384 In
226 1361 341 1384 nomine
360 1359 472 1383 domini
487 1359 542 1382 Dei
555 1360 654 1382 eterni.
688 1359 774 1382 Anno
796 1359 960 1382 nativitatis
974 1358 1036 1382 eius
1050 1358 1205 1381 millesimo
1219 1358 1416 1382 ducentesimo
1429 1359 1549 1388 decimo,
1564 1359 1711 1383 indicione
1725 1361 1934 1389 terciadecima,

87 1407 132 1430 die
152 1406 254 1437 quinto
275 1406 402 1428 intrante
422 1404 507 1432 maio,
528 1403 709 1434 presentibus
728 1403 813 1426 Petro
835 1403 1007 1426 Bernardini
1027 1402 1060 1426 de
1081 1403 1224 1431 Carraria,
1245 1403 1387 1426 Patavino
1409 1401 1577 1427 Codolende
1596 1406 1623 1427 et
1637 1403 1786 1428 Vitaclino
1801 1405 1934 1429 bastardo

86 1449 237 1474 Villanelli
258 1449 290 1473 de
309 1447 492 1480 Galcignano
506 1448 540 1471 de
554 1448 715 1472 Permunia.
747 1447 889 1471 Dominus
902 1447 1034 1476 Iacobus,
1048 1447 1124 1470 filius
1139 1447 1281 1478 quondam
1297 1447 1409 1471 domini
1423 1447 1547 1471 Massilii
1563 1448 1596 1471 de
1611 1448 1754 1479 Carraria,
1768 1457 1894 1473 asserens
1907 1452 1935 1474 et

87 1495 238 1519 affirmans
257 1501 286 1518 se
306 1494 441 1516 maiorem
467 1492 696 1524 vigintiquinque
715 1493 802 1515 annis
821 1499 888 1519 esse,
903 1492 937 1515 ad
953 1492 1084 1515 libellum
1106 1492 1298 1523 perpetualem
1313 1492 1467 1516 Investivit
1485 1491 1609 1522 Petrum,
1629 1492 1720 1516 filium
1735 1494 1847 1517 domini
1861 1494 1934 1517 Hen-

87 1540 174 1571 rigeti
187 1539 294 1570 Aicoli,
311 1538 344 1561 de
358 1537 489 1561 omnibus
502 1537 594 1569 postis
609 1536 842 1560 molendinorum
861 1538 889 1560 et
904 1537 1081 1567 cogolarum,
1095 1544 1163 1568 quas
1179 1538 1240 1568 ipse
1255 1538 1282 1560 et
1296 1538 1356 1560 eius
1371 1537 1459 1560 frater
1469 1537 1641 1561 Albertinus
1655 1538 1761 1562 habent
1771 1546 1834 1562 cum
1846 1539 1933 1562 Boni-

88 1585 163 1608 facio
177 1586 204 1608 et
217 1583 337 1607 Albrico
357 1582 461 1611 Leone,
482 1582 541 1606 suis
562 1583 744 1614 propinquis,
764 1582 794 1604 in
814 1581 978 1605 Flumisino
993 1589 1008 1604 a
1023 1582 1193 1606 molendino
1213 1581 1408 1605 Bartholamei
1429 1582 1538 1605 notarii
1559 1589 1644 1613 usque
1658 1583 1692 1606 ad
1709 1583 1820 1606 foveam
1835 1583 1937 1608 Carra-

88 1629 170 1658 riam,
182 1630 211 1652 et
225 1628 258 1652 de
272 1628 405 1652 omnibus
418 1627 511 1659 postis
525 1626 767 1656 molendinorum,
788 1626 958 1656 ubicumque
973 1626 1031 1649 fieri
1047 1628 1150 1657 potest,
1164 1627 1192 1650 et
1205 1626 1381 1658 cogolarum,
1395 1633 1464 1657 quas
1478 1626 1551 1650 idem
1572 1627 1705 1650 dominus
1718 1627 1836 1651 Iacobus
1850 1628 1934 1652 habet

88 1681 150 1697 cum
164 1680 216 1697 suo
229 1672 318 1696 fratre
331 1672 460 1703 predicto
476 1672 504 1694 in
521 1671 687 1695 bambatura
701 1671 819 1699 Batalie,
834 1678 848 1694 a
860 1671 952 1702 prima
964 1672 1046 1702 posta
1057 1671 1131 1702 apud
1143 1668 1239 1695 arcum
1254 1672 1352 1703 pontis
1364 1678 1450 1701 usque
1461 1671 1496 1694 ad
1510 1670 1702 1703 Viginconem
1716 1675 1808 1703 preter
1822 1674 1933 1704 postam

88 1717 239 1750 Gurgisoll
257 1718 285 1741 et
303 1717 445 1748 quandam
466 1716 587 1745 foveam,
607 1723 660 1747 que
679 1718 722 1739 est
741 1723 788 1739 sue
809 1716 873 1739 avie
894 1715 1011 1739 domine
1025 1715 1153 1739 Mariete.
1181 1714 1240 1742 Qui
1254 1723 1320 1739 vero
1335 1715 1433 1739 Petrus
1448 1716 1583 1748 promisit
1597 1716 1675 1740 dicto
1695 1716 1816 1740 domino
1830 1717 1932 1741 Iacobo

88 1763 242 1795 stipulanti
262 1761 432 1793 respondere
452 1762 529 1784 omni
551 1768 628 1784 anno
649 1760 829 1784 medietatem
849 1760 945 1784 tocius
964 1759 1047 1789 lucri,
1067 1761 1144 1791 quod
1165 1761 1268 1784 exierit
1288 1761 1321 1784 de
1341 1760 1428 1784 dictis
1449 1761 1540 1791 postis
1560 1760 1791 1784 molendinorum
1807 1763 1834 1785 et
1848 1769 1933 1793 cogo-

88 1807 188 1836 larum,
208 1806 342 1830 faciendo
360 1805 460 1829 Petrus
481 1805 560 1829 solus
580 1812 718 1836 expensas
738 1805 971 1828 molendinorum
991 1807 1017 1828 et
1037 1805 1212 1836 cogolarum,
1233 1811 1319 1836 usque
1339 1805 1402 1828 (lum
1424 1805 1542 1828 venient
1562 1805 1596 1828 ad
1617 1805 1794 1834 lucrandum,
1815 1808 1842 1829 et
1861 1806 1933 1837 ipsis

87 1853 193 1884 positis
213 1851 246 1875 ad
266 1851 433 1875 lucrandum
454 1851 554 1882 postea
573 1850 675 1873 debent
694 1857 815 1881 expense
836 1849 895 1873 fieri
915 1850 1075 1873 comuniter
1095 1850 1125 1873 in
1146 1850 1274 1881 predicta
1296 1848 1446 1873 reficienda
1467 1857 1513 1873 seu
1533 1849 1668 1881 aptanda,
1687 1851 1715 1874 et
1729 1850 1758 1873 in
1774 1851 1934 1874 mon-‘trium

86 1903 134 1920 seu
154 1895 308 1923 monarios,
322 1896 350 1918 et
364 1895 462 1926 postea
481 1895 591 1918 lucrum
611 1893 741 1918 dividere
754 1901 803 1926 per
817 1894 1006 1918 medietatem.
1035 1894 1070 1918 Et
1085 1895 1118 1917 de
1132 1894 1265 1918 omnibus
1279 1895 1372 1925 postis
1386 1893 1619 1918 molendinorum
1633 1895 1661 1917 et
1675 1895 1850 1926 cogolarum.
1864 1902 1933 1925 quas

87 1941 147 1972 ipse
166 1939 299 1963 dominus
317 1938 436 1962 Iacobus
454 1938 537 1962 habet
557 1946 620 1962 cum
639 1938 727 1962 fratre
747 1946 798 1962 suo
818 1939 847 1961 in
868 1938 1034 1962 bambatura
1053 1937 1203 1962 Pernumie
1223 1946 1238 1961 a
1253 1939 1343 1970 prima
1359 1939 1439 1969 posta
1459 1944 1545 1968 usque
1558 1938 1592 1961 ad
1607 1938 1808 1970 Viginqonem,
1820 1945 1934 1970 respon-

88 1983 181 2007 dendo
202 1983 275 2007 idem
295 1983 395 2007 Petrus
413 1983 529 2007 tertiam
548 1984 657 2014 partem
676 1982 772 2007 tocius
792 1982 872 2013 lucri,
894 1983 925 2006 ut
945 1982 1053 2006 dictum
1073 1984 1124 2013 est,
1146 1983 1250 2014 positis
1270 1982 1447 2005 molendinis
1467 1983 1494 2005 et
1514 1982 1673 2013 cogolariis
1700 1983 1734 2006 ad
1753 1983 1930 2013 lucrandum,

88 2027 221 2052 faciendo
239 2034 378 2059 expensas
399 2027 560 2051 comuniter
579 2027 609 2051 in
630 2034 661 2051 ea
680 2026 832 2050 reficienda
852 2028 878 2050 et
898 2027 1024 2059 aptanda
1044 2029 1071 2050 et
1091 2027 1122 2050 in
1143 2027 1293 2050 monariis.
1329 2027 1364 2050 Et
1383 2029 1407 2050 si
1430 2026 1574 2050 videretur
1594 2034 1642 2050 eos
1669 2027 1794 2057 aliquam
1820 2029 1930 2058 postam

44 2070 55 2075 ”
89 2079 137 2096 seu
156 2073 254 2104 postas
274 2073 303 2096 in
324 2072 461 2104 predictis
480 2071 663 2095 bambaduris
681 2079 739 2096 non
760 2071 870 2100 habere,
891 2073 918 2095 et
939 2072 999 2103 ipse
1024 2071 1124 2095 Petrus
1144 2071 1243 2102 aliquo
1265 2073 1393 2103 tempore
1417 2079 1462 2094 eas
1488 2071 1644 2099 inveniret,
1670 2071 1744 2101 quod
1767 2071 1933 2095 consenciet

86 2116 148 2149 ipse
167 2117 298 2140 dominus
311 2116 429 2140 Iacobus
444 2118 471 2140 et
490 2124 605 2148 operam
625 2116 705 2140 dabit
725 2116 760 2140 ad
781 2117 879 2140 omnia
898 2116 1028 2149 predicta
1048 2116 1180 2140 facienda
1200 2119 1227 2140 et
1247 2116 1447 2140 construenda.
1485 2116 1520 2139 Et
1533 2116 1582 2139 hec
1597 2117 1695 2139 omnia
1710 2117 1855 2140 attendere
1870 2124 1933 2148 pro-

87 2162 167 2185 misit
180 2163 207 2185 et
222 2161 298 2192 quod
319 2161 406 2185 faciet
426 2161 542 2185 fratrem
561 2169 642 2186 suum
663 2161 823 2194 predictum
843 2161 941 2185 omnia
962 2162 1090 2193 predicta
1110 2162 1226 2185 laudare
1246 2163 1273 2185 et
1293 2161 1458 2184 confirmare
1480 2161 1555 2184 infra
1574 2167 1698 2184 mensem
1718 2169 1814 2189 unum,
1828 2169 1862 2185 ex
1876 2168 1931 2192 quo

87 2206 213 2238 petierit,
233 2213 295 2229 cum
321 2205 408 2230 fuerit
427 2207 518 2238 major
539 2205 769 2237 quattuordecim
789 2207 882 2236 annis,
905 2206 949 2229 vel
971 2206 1096 2230 similem
1122 2205 1217 2230 datam
1243 2206 1360 2235 faciens,
1387 2207 1417 2229 ut
1443 2206 1555 2237 sapiens
1581 2205 1700 2228 dixerit.
1736 2206 1771 2229 Et
1796 2206 1933 2230 similiter

86 2251 172 2274 saciet
192 2258 259 2274 suos
279 2251 457 2283 propinquos
476 2251 659 2274 Bonifaciuru
679 2253 706 2274 et
725 2250 874 2274 Albricum
894 2250 1018 2274 Leonem
1040 2251 1116 2275 infra
1137 2251 1293 2282 pred1ctum
1313 2251 1432 2282 tempus,
1452 2257 1513 2273 curn
1537 2250 1643 2273 suerint
1663 2251 1794 2280 maiores,
1814 2259 1866 2283 pro
1880 2259 1930 2275 suo

86 2302 170 2327 posse
183 2295 259 2318 bona
272 2294 325 2318 fide
339 2295 401 2318 sine
415 2295 514 2318 fraude
536 2295 634 2318 omnia
653 2295 783 2326 predicta
803 2295 918 2319 laudare
937 2298 964 2319 et
984 2295 1162 2325 confirmare,
1182 2295 1226 2319 vel
1246 2295 1367 2318 similem
1388 2294 1482 2318 datam
1504 2295 1559 2325 ipsi
1578 2294 1662 2318 Petro
1677 2294 1770 2318 facere
1790 2302 1841 2326 pro
1854 2295 1932 2319 dicto

85 2339 158 2363 ficto
178 2347 226 2363 seu
251 2339 449 2370 responsione,
475 2346 558 2370 super
576 2346 633 2370 quo
655 2340 697 2362 ius
717 2339 858 2364 habuerit.
895 2338 979 2367 Quod
999 2339 1023 2364 si
1045 2340 1136 2363 facere
1158 2347 1215 2363 non
1236 2341 1373 2371 potuerit,
1393 2339 1468 2370 quod
1490 2338 1584 2362 dictus
1604 2338 1703 2362 Petrus
1724 2346 1782 2362 non
1802 2341 1932 2363 teneatur

84 2385 200 2408 reddere
220 2385 298 2408 dicto
319 2385 439 2408 domino
458 2383 561 2408 Iacobo
581 2385 615 2408 de
633 2391 675 2414 en,
697 2385 772 2415 quod
792 2386 944 2417 continget
969 2386 1047 2409 dicto
1070 2385 1223 2409 Bonifacio
1244 2387 1271 2408 et
1294 2385 1413 2408 Albrico
1434 2384 1540 2407 Leono.
1578 2383 1649 2407 Item
1676 2384 1769 2408 dictus
1798 2384 1932 2408 dominus

83 2429 202 2453 Iacobus
223 2429 256 2453 ad
276 2429 407 2452 livellum
428 2429 593 2461 perpetuale
613 2430 767 2452 investivit
787 2429 894 2453 dictum
914 2430 1028 2454 Petrum
1054 2430 1087 2453 de
1109 2431 1188 2461 parte
1208 2437 1257 2453 sua
1278 2430 1321 2453 vel
1343 2429 1376 2452 de
1397 2429 1557 2456 medietate,
1578 2435 1661 2458 quam
1683 2429 1742 2460 ipse
1762 2436 1824 2452 cum
1846 2430 1932 2453 fratre

85 2481 136 2498 suo
156 2473 285 2505 predicto
305 2475 333 2497 et
351 2474 410 2497 suis
430 2473 603 2505 propinquis
622 2473 776 2497 Bonifacio
797 2476 824 2497 et
843 2474 965 2498 Albrico
985 2474 1080 2498 Leone
1099 2475 1183 2498 habet
1204 2475 1234 2497 in
1249 2474 1417 2497 molendino
1432 2475 1598 2498 constructo
1619 2475 1648 2497 in
1668 2473 1799 2497 clausura
1819 2473 1930 2497 domini

84 2518 234 2550 Henrigeti
255 2518 354 2549 pi901i‚
374 2519 401 2541 et
421 2517 456 2541 de
475 2525 531 2542 una
550 2517 608 2542 alia
627 2519 721 2550 posta,
742 2519 765 2541 si
787 2519 913 2550 potuerit
939 2519 1032 2543 dictus
1057 2518 1157 2543 Petrus
1184 2519 1284 2549 facere,
1312 2520 1342 2542 in
1368 2519 1534 2543 Flumesino
1560 2526 1647 2549 usque
1673 2518 1708 2542 ad
1734 2518 1930 2542 molendinum

86 2563 280 2586 Bartholomei
300 2562 409 2586 notarii
430 2562 570 2591 Carrarie,
590 2562 791 2594 respondendo
811 2563 892 2587 omni
912 2570 990 2587 anno
1009 2564 1082 2587 idem
1104 2564 1205 2588 Petrus
1227 2563 1323 2587 soldos
1343 2565 1455 2587 centum
1472 2565 1526 2594 ipsi
1542 2563 1661 2587 domino
1676 2563 1788 2591 Iacobo,
1802 2566 1829 2586 et
1844 2563 1930 2586 saciet

83 2607 192 2631 dictum
211 2606 403 2634 Albertinum,
424 2614 504 2630 suum
527 2607 650 2634 fratrem,
671 2608 698 2629 et
716 2606 897 2630 Bonifatium
912 2609 939 2631 et
952 2607 1102 2632 Albricum
1117 2609 1242 2632 Leonem
1257 2609 1354 2631 omnia„
1367 2608 1495 2640 predicta
1515 2608 1632 2631 laudare
1651 2609 1678 2631 et
1698 2607 1865 2631 confirmare
1886 2607 1929 2630 vel

83 2652 208 2676 similem
234 2651 329 2675 datam
350 2652 441 2675 facere
467 2652 523 2683 ipsi
543 2651 638 2680 Petro,
658 2653 688 2674 ut
708 2651 822 2682 sapiens
848 2652 965 2682 dixerit,
992 2653 1069 2677 infra
1094 2660 1215 2676 mensem
1242 2660 1338 2681 unum,
1366 2660 1400 2676 ex
1419 2660 1475 2683 quo
1501 2652 1561 2683 ipse
1584 2653 1708 2685 petierit,
1735 2660 1796 2675 cum
1823 2652 1931 2675 suerint

84 2697 206 2720 maiores
225 2696 441 2727 quatuordecim
460 2697 554 2724 annis,
575 2696 625 2719 sub
645 2702 717 2727 pena
736 2697 830 2720 tocius
850 2697 947 2720 damni
968 2699 996 2721 et
1016 2697 1170 2729 dispendii,
1189 2697 1262 2728 quod
1282 2697 1343 2728 ipse
1357 2697 1481 2720 haberet.
1507 2695 1591 2724 Quod
1606 2698 1628 2720 si
1644 2697 1735 2720 facere
1750 2703 1809 2719 non
1824 2696 1932 2727 poterit

85 2740 119 2764 de
138 2742 197 2764 suis
215 2742 395 2774 propinquIS,
414 2740 490 2772 quod
511 2742 571 2772 ipse
585 2742 684 2764 Petrus
698 2747 755 2764 non
771 2742 902 2765 teneatur
922 2742 1037 2766 reddere
1050 2741 1144 2766 fictum
1159 2742 1200 2765 eis
1215 2742 1439 2772 contingentem,
1453 2743 1479 2764 et
1494 2741 1517 2764 si
1533 2748 1681 2764 commune
1694 2740 1787 2764 Padue
1807 2741 1930 2764 destrue-

84 2786 125 2808 ret
144 2792 175 2808 ea
196 2785 240 2809 vel
260 2785 370 2809 destrui
389 2785 504 2814 faceret,
526 2785 568 2809 vel
589 2793 688 2817 aquam
709 2787 749 2810 eis
770 2786 930 2815 abstulerit,
951 2787 1086 2810 similiter
1106 2794 1163 2810 non
1184 2788 1313 2810 teneatur
1334 2793 1385 2816 pro
1408 2787 1548 2816 qualitate
1569 2785 1706 2817 temporis
1725 2792 1796 2816 aque
1816 2786 1929 2816 accepte

82 2829 128 2852 vel
149 2830 381 2854 molendinorum
399 2830 608 2854 destructorum
629 2831 744 2854 reddere
764 2831 849 2855 alicui
871 2831 994 2862 aliquem
1016 2832 1119 2855 fictum.
1146 2830 1208 2858 Que
1221 2831 1319 2854 omnia
1334 2830 1470 2861 predicta,
1485 2831 1516 2854 ut
1529 2830 1634 2853 dictum
1651 2832 1702 2858 est,
1717 2830 1810 2853 dictus
1829 2829 1930 2853 Petrus

176 2943 182 2959 ¹
204 2944 249 2969 Cf.
270 2944 400 2974 Cenum,
422 2946 521 2970 Albero
541 2947 598 2976 cit.¹
620 2955 643 2978 p.
669 2947 708 2975 ιδ,
731 2947 771 2971 26.
