2346 3597
367 163 437 198 190

714 161 887 196 GESTA
917 130 1222 195 MAGNIFICA
1252 159 1440 195 DOMUS
1469 160 1860 196 CARRARIENSIS

355 296 527 328 supradictis
547 296 574 318 et
594 295 738 318 universis
758 295 786 318 et
805 294 936 325 singulis,
956 300 990 316 ex
1010 293 1233 324 quibuscumque
1253 293 1346 316 causis
1365 299 1414 316 seu
1428 292 1532 321 titulis,
1548 293 1680 316 faciendo
1699 294 1727 316 et
1741 292 1940 317 constituendo
1961 292 2054 316 dictus
2069 293 2203 317 venditor

357 342 436 372 ipsos
455 341 594 371 emptores
615 340 812 370 procuratores
832 340 863 362 ut
882 339 911 362 in
933 346 989 362 rem
1011 345 1096 367 suam,
1117 338 1212 361 dando
1233 337 1338 361 eisdem
1358 337 1510 360 licenciam
1524 339 1552 360 et
1566 338 1730 370 parabolam
1745 337 1931 368 ingrediendi
1943 337 2161 368 possessionem,
2176 339 2203 361 et

356 386 436 416 quasi
456 385 489 408 de
510 384 643 407 omnibus
663 384 798 414 predictis
818 385 845 407 et
866 383 990 415 singulis
1010 383 1037 406 et
1056 382 1200 406 universis
1220 383 1336 413 propria
1355 381 1530 406 auctoritate
1549 382 1705 406 constituit
1726 388 1753 405 se
1768 381 1914 413 possidere
1929 383 1956 405 et
1975 383 2056 413 quasi
2070 389 2123 413 pro
2142 389 2202 414 pre-

356 430 441 453 dictis
460 429 645 460 emptoribus.
683 428 812 451 Preterea
832 427 926 451 dictus
947 427 1082 451 venditor
1102 434 1151 458 per
1170 433 1199 450 se
1218 433 1338 456 suosque
1357 425 1473 449 heredes
1493 426 1665 459 supradictis
1685 427 1860 458 emptoribus
1881 428 1908 450 et
1929 427 1988 450 suis
2006 426 2155 450 heredibus
2175 428 2202 449 et

355 475 399 497 cui
414 472 544 497 dederint
558 472 748 504 stipulatione
762 472 904 503 solempni
918 471 1054 503 promisit
1074 471 1150 494 dicta
1170 471 1245 494 bona
1263 472 1291 494 et
1310 471 1374 502 jura
1393 471 1421 494 et
1442 470 1498 493 alia
1518 470 1683 501 supradicta
1703 471 1836 494 universa
1855 472 1883 494 et
1901 470 2017 502 singula
2035 471 2202 502 guarentare

356 520 383 542 et
397 517 560 542 deffendere
579 517 613 541 ab
633 518 712 540 omni
727 524 848 548 persona
869 516 992 547 collegio
1006 517 1033 539 et
1052 509 1250 543 universitate,
1270 516 1298 538 et
1317 515 1350 538 ab
1371 515 1450 538 omni
1471 516 1551 545 parte
1571 516 1600 538 in
1621 516 1799 546 proprietate
1817 517 1845 539 et
1864 515 1944 546 quasi
1966 515 2152 547 proprietate,
2173 515 2202 538 in

355 562 535 594 possessione
554 561 582 584 et
601 561 681 592 quasi
701 561 889 591 possessione,
910 561 937 583 et
958 561 987 583 in
1008 559 1141 583 omnibus
1155 559 1223 582 aliis
1239 558 1411 589 supradictis
1422 559 1542 591 juribus,
1556 559 1597 582 ita
1611 559 1686 590 quod
1707 560 1729 582 si
1745 559 1778 582 de
1792 559 1864 591 ipsis
1878 558 1961 582 bonis
1976 558 2049 582 dicti
2062 559 2203 589 emptores

354 606 561 638 impedirentur
581 606 614 629 ab
635 605 730 636 aliqua
745 611 874 636 persona,
892 605 953 636 jure
973 604 1122 628 ordinario
1142 604 1186 627 vel
1206 602 1449 632 extraordinario,
1470 602 1546 634 quod
1568 604 1628 634 ipse
1648 604 1784 627 venditor
1803 605 1972 634 guarentare
1991 604 2019 626 et
2038 602 2205 626 deffendere

356 652 487 676 teneatur
503 658 567 674 cum
587 651 702 674 racione
722 650 773 674 sub
793 657 864 681 pena
890 649 971 680 dupli
992 649 1090 672 damni
1110 650 1137 672 et
1158 649 1302 676 interesse,
1323 648 1476 671 secundum
1496 647 1573 678 quod
1593 648 1668 671 dicte
1691 649 1897 679 possessioneS,
1918 655 1970 679 que
1996 647 2205 679 impedirentur

354 698 403 720 aut
430 695 610 719 evicerentur
635 694 749 722 eisdem,
775 694 905 717 valerent
930 700 981 726 pro
1002 695 1129 724 ternpore
1149 694 1198 716 aut
1218 693 1367 716 meliorate
1387 685 1480 716 essent
1500 693 1549 715 sub
1568 693 1778 716 exstimacione
1806 694 1834 715 in
1856 691 2004 716 consimili
2024 691 2099 721 loco,
2122 693 2151 714 et
2176 691 2201 714 sl

353 740 406 764 hoc
427 747 485 763 non
505 739 674 767 attenderet,
688 738 781 762 dictus
803 737 938 761 venditor
957 745 1005 769 per
1018 744 1047 761 se
1060 743 1181 768 suosque
1195 737 1309 760 heredes
1325 737 1354 759 in
1369 738 1461 760 totum
1483 736 1527 759 vel
1542 737 1571 759 in
1587 738 1695 768 partem
1709 737 1851 768 promisit,
1865 736 2058 767 stipulacione
2071 735 2202 763 subnixa.

356 784 462 808 eisdem
481 784 658 815 emptoribus
678 782 722 806 vel
747 790 843 806 eorum
868 781 1018 806 heredibus
1039 782 1154 805 nomine
1173 788 1244 814 pene
1262 781 1328 804 dare
1347 780 1466 812 duplum
1493 781 1583 812 precii
1603 780 1760 812 supradicti
1780 781 1824 809 vel
1845 781 1963 812 duplum
1983 779 2200 804 exstimacionis

354 830 496 852 bonorum
515 829 543 852 et
560 829 665 860 jurium
686 829 713 851 et
732 834 823 852 rerum
838 834 923 858 supra
943 827 983 850 eis
1004 826 1196 854 vendstorum,
1215 825 1372 849 secundum
1392 825 1467 856 quod
1488 825 1653 857 supradicta
1678 825 1754 848 bona
1777 826 1805 848 et
1824 826 1886 858 jura
1913 825 1979 856 plus
1998 832 2050 856 pro
2075 826 2203 855 tempore

357 873 501 897 valuerint
520 874 569 896 aut
583 873 732 896 meliorata
747 872 862 902 fuerint,
884 872 949 894 data
969 870 1002 894 de
1022 870 1077 894 hoc
1096 870 1238 894 electione
1257 870 1343 893 dictis
1361 870 1539 902 emptoribus
1560 869 1604 893 vel
1624 877 1720 893 eorum
1741 868 1900 899 heredibus,
1914 869 1990 900 quod
2010 868 2203 900 predictorum

355 918 510 948 voluerint,
530 919 561 940 ut
581 917 715 940 damnum
741 918 767 940 et
794 917 929 939 interesse
948 917 975 939 et
995 922 1132 946 expensas
1151 922 1328 946 quocumque
1348 914 1431 937 modo
1452 914 1542 937 factas
1562 920 1610 945 per
1629 914 1742 937 eosdem
1762 916 1819 938 tam
1841 915 1869 937 in
1889 914 2010 946 judicio,
2025 920 2106 944 quam
2121 914 2200 936 extra

354 962 502 996 judicium,
522 963 582 985 sive
608 961 745 989 obtineat,
766 961 827 984 sive
846 960 1009 988 succumbat
1030 961 1059 983 in
1074 967 1165 989 causa,
1180 960 1242 983 sive
1255 959 1371 992 dejure,
1385 959 1445 982 sive
1461 958 1493 982 de
1508 959 1593 986 facto,
1613 960 1690 982 mota
1705 958 1791 982 fuerit
1805 958 1918 989 questio
1937 958 2075 990 predictis
2093 959 2201 989 empto-

355 1005 430 1030 ribus
453 1006 495 1030 vel
516 1013 612 1029 eorum
633 1005 791 1034 heredibus,
818 1004 960 1028 credendo
987 1004 1020 1027 de
1041 1005 1202 1035 quantitate
1221 1004 1317 1027 damni
1339 1005 1366 1027 et
1386 1010 1574 1034 expensarum
1593 1002 1794 1026 extimationis
1819 1002 2029 1026 melioramenti
2058 1003 2199 1026 bonorum

352 1053 380 1075 et
392 1052 498 1083 jurium
512 1051 703 1083 predictorum
719 1050 772 1073 soli
790 1050 874 1073 verbo
889 1049 1083 1079 predictorum
1104 1050 1264 1078 emptorum
1284 1048 1329 1071 vel
1351 1048 1383 1071 ab
1398 1048 1491 1071 altero
1505 1048 1539 1071 ab
1553 1047 1659 1071 eisdem
1674 1055 1799 1071 caussam
1814 1047 1936 1071 habente
1949 1047 2010 1070 sine
2024 1047 2202 1071 sacramento

356 1097 382 1119 et
408 1095 465 1119 alia
492 1095 673 1126 probacione,
702 1102 762 1117 cum
788 1093 971 1124 obligacione
991 1100 1106 1116 suorum
1126 1093 1276 1122 bonorum,
1296 1093 1412 1115 remissa
1433 1091 1662 1115 denunciacione
1682 1098 1730 1123 per
1751 1093 1866 1123 partem,
1890 1099 1942 1122 que
1967 1092 1997 1115 in
2018 1098 2101 1115 causa
2126 1091 2203 1114 evic-

355 1141 445 1164 tionis
465 1140 539 1163 solet
559 1139 675 1170 requiri.
712 1139 747 1162 Et
767 1138 949 1161 renunciavit
968 1137 1028 1169 ipse
1049 1137 1074 1162 d.
1088 1136 1200 1168 Ugucio
1214 1144 1247 1160 ex
1262 1139 1338 1160 certa
1352 1136 1474 1160 scientia
1488 1137 1521 1160 de
1532 1137 1593 1169 jure
1607 1144 1658 1160 suo
1677 1137 1837 1160 cerciorato
1853 1136 1978 1160 remedio
1993 1135 2202 1168 appellacionis

355 1185 382 1208 et
395 1185 495 1208 statuti
512 1185 578 1207 novi
595 1186 622 1206 et
642 1183 746 1206 veteris
762 1183 841 1212 facti,
857 1180 899 1206 vel
916 1182 1004 1205 futuri
1019 1181 1176 1213 privilegio
1190 1188 1206 1205 a
1226 1188 1402 1212 quocumque
1422 1181 1553 1213 principe
1571 1181 1726 1212 impetrato
1739 1181 1782 1204 vel
1797 1181 1986 1212 impetrando,
1999 1179 2202 1204 consuetudini

354 1228 482 1261 generali
503 1228 546 1251 vel
565 1227 683 1259 speciali
706 1234 780 1250 nunc
800 1229 827 1250 et
848 1228 877 1250 in
898 1226 1025 1249 futurum
1046 1226 1162 1249 obtente
1182 1233 1229 1249 seu
1243 1226 1407 1254 obtinende,
1422 1228 1450 1249 et
1470 1225 1603 1249 omnibus
1621 1225 1690 1249 aliis
1711 1225 1928 1258 remediisjuris
1947 1226 1975 1249 et
1989 1225 2069 1253 sacti,
2088 1231 2202 1256 genera-

354 1273 429 1297 libus
454 1275 481 1296 et
507 1272 688 1304 specialibus,
715 1271 893 1303 presentibus
919 1272 946 1294 et
967 1271 1080 1298 futuris,
1101 1270 1201 1301 quibus
1223 1277 1251 1293 se
1271 1269 1435 1294 deffendere
1455 1277 1501 1294 seu
1527 1271 1629 1294 contra
1654 1269 1782 1301 predicta
1810 1270 1908 1294 venire
1928 1271 1957 1293 in
1985 1271 2077 1293 totum
2103 1268 2148 1292 vel
2173 1269 2201 1291 in

355 1320 464 1349 partem
485 1317 679 1349 predictorum
699 1317 827 1340 omnium
855 1317 883 1339 et
908 1315 1033 1339 aliorum
1053 1315 1189 1345 omnium,
1210 1315 1322 1338 auxilia
1348 1314 1496 1346 presentia
1521 1316 1548 1338 et
1571 1314 1667 1338 futura
1693 1314 1780 1338 eciam
1808 1314 1980 1338 remittendo
2006 1322 2054 1346 per
2079 1315 2201 1346 pactum.

352 1363 471 1393 Insuper
492 1369 542 1393 pro
562 1362 707 1385 evictione
727 1368 817 1384 rerum
832 1362 859 1384 et
877 1360 982 1392 jurium
997 1359 1225 1391 supradictorum
1247 1367 1298 1391 pro
1319 1358 1431 1382 damnis
1445 1361 1471 1382 et
1491 1359 1626 1383 interesse
1641 1360 1668 1383 et
1681 1359 1812 1390 expensis
1831 1365 2006 1390 quocumque
2019 1359 2104 1382 modo
2118 1357 2202 1381 factis

354 1409 381 1431 et
402 1414 453 1439 pro
474 1408 663 1430 extimatione
682 1405 895 1429 melioramenti
915 1406 942 1428 et
961 1405 1103 1428 bonorum
1122 1405 1149 1428 et
1170 1411 1262 1427 rerum
1281 1405 1308 1427 et
1326 1404 1432 1436 jurium
1459 1404 1653 1435 predictorum
1672 1406 1699 1427 et
1720 1411 1770 1435 pro
1791 1404 1923 1427 omnibus
1943 1404 2011 1427 aliis
2029 1403 2201 1434 supradictis

355 1453 382 1475 et
403 1451 478 1475 infra
498 1451 628 1474 dicendis
648 1452 675 1474 et
694 1450 838 1474 universis
857 1451 884 1473 et
904 1449 1027 1480 singulis
1048 1449 1234 1472 observandis
1254 1450 1281 1472 et
1301 1448 1503 1472 deffendendis
1523 1450 1550 1472 et
1569 1448 1762 1479 adimplendls
1783 1448 1929 1480 predictus
1949 1448 2084 1472 venditor
2097 1447 2201 1471 eisdem

354 1496 528 1527 emptoribus
542 1496 641 1518 omnia
655 1502 703 1518 sua
718 1495 791 1518 bona
806 1495 950 1525 presencia
970 1495 997 1517 et
1017 1493 1114 1517 futura
1133 1493 1250 1524 pignori
1271 1492 1415 1524 obligavit
1433 1494 1461 1516 et
1481 1492 1645 1524 speciaIIter
1664 1493 1867 1524 suppelectilia
1886 1495 1913 1516 et
1926 1492 1996 1522 alia,
2008 1500 2061 1523 que
2074 1492 2107 1515 de
2119 1499 2202 1523 gene-

354 1541 406 1564 rali
428 1541 610 1572 obligacione
629 1541 715 1564 tacite
735 1540 921 1570 excipiantur,
942 1539 1120 1562 constituens
1141 1537 1218 1561 dicta
1237 1538 1312 1561 bona
1332 1537 1462 1569 obligata
1482 1545 1510 1561 se
1530 1537 1674 1569 possidere
1693 1538 1720 1561 et
1739 1537 1820 1568 quasi
1840 1545 1890 1568 pro
1909 1538 1965 1570 jam
1988 1537 2075 1561 dictis
2094 1537 2201 1567 empto-

355 1586 441 1609 ribus.
478 1585 617 1608 Promisit
637 1591 756 1614 namque
776 1584 869 1607 dictus
889 1583 1024 1607 venditor
1043 1584 1070 1606 et
1090 1582 1174 1606 modo
1195 1582 1324 1613 predicto
1343 1582 1468 1606 donator
1488 1589 1536 1614 per
1556 1589 1584 1605 se
1604 1589 1725 1613 suosque
1744 1582 1858 1606 heredes
1873 1582 2010 1614 predictis
2025 1580 2202 1613 emptoribus

354 1629 569 1661 stipulantibus,
596 1629 671 1660 quod
699 1630 799 1652 contra
825 1628 953 1659 predicta
973 1634 1021 1651 seu
1041 1626 1159 1657 aliquod
1180 1627 1376 1658 predictorum
1397 1634 1455 1650 non
1481 1626 1614 1658 probabit
1632 1626 1725 1656 finem,
1750 1627 1966 1656 refutacionem,
1985 1626 2201 1656 recreacionem,

354 1676 470 1706 pactum
491 1673 523 1697 de
544 1673 667 1704 amplius
687 1680 743 1696 non
764 1672 958 1704 petendojnec
978 1671 1088 1703 aliquid
1109 1671 1198 1700 aliud,
1211 1671 1286 1702 quod
1301 1671 1387 1695 dictis
1402 1671 1578 1702 emptoribus
1592 1671 1636 1694 vel
1651 1671 1703 1695 alii
1719 1678 1771 1702 pro
1785 1671 1825 1694 eis
1846 1677 1956 1694 causam
1970 1670 2088 1694 habenti
2103 1671 2204 1693 noceat

352 1721 380 1742 et
398 1718 478 1742 dicto
499 1719 644 1742 venditori
666 1718 768 1749 prosit,
789 1718 845 1740 nisi
865 1724 927 1740 cum
947 1717 1000 1740 hac
1020 1718 1097 1740 carta
1118 1716 1275 1740 cancellata
1295 1716 1340 1740 vel
1359 1723 1422 1739 cum
1443 1716 1501 1739 alia
1520 1716 1549 1739 in
1569 1715 1726 1739 concordia
1746 1716 1873 1747 parcium
1888 1716 1963 1739 sacta
1974 1723 2058 1739 manu
2078 1714 2202 1746 publica,

355 1764 531 1795 presentibus
553 1763 677 1793 quinque
697 1762 817 1786 testibus
837 1761 910 1785 bone
931 1762 1004 1785 farne
1023 1762 1051 1784 et
1071 1761 1229 1792 opinionis,
1249 1768 1298 1792 per
1318 1761 1424 1784 bonum
1444 1763 1471 1784 et
1491 1760 1609 1791 legalem
1632 1761 1786 1784 notarium.

443 1808 471 1832 S.
491 1808 528 1831 N.
547 1807 608 1839 Ego
622 1806 761 1837 Valerius,
777 1806 853 1830 filius
867 1806 1009 1837 quondam
1021 1805 1106 1832 Tani.
1121 1805 1266 1838 imperiali
1280 1805 1453 1829 auctoritate
1467 1805 1595 1833 tabellio,
1609 1804 1727 1828 interfui
1743 1807 1770 1828 et
1783 1805 1860 1828 iussu
1875 1804 2068 1836 predictorum
2088 1803 2201 1835 scripsi.

443 1896 502 1927 Ego
522 1895 682 1923 Paduanus,
700 1895 787 1928 judex
806 1895 1018 1926 infrascriptus
1040 1894 1204 1925 subscripsi.

441 1940 501 1972 Ego
520 1940 673 1968 Mattheus,
694 1940 825 1964 notarlus
845 1940 939 1963 socius
957 1946 988 1962 ac
1009 1939 1090 1962 testis
1110 1938 1322 1969 infrascriptus,
1344 1946 1386 1961 me
1405 1937 1561 1970 subscripsi
1580 1939 1608 1961 et
1626 1938 1788 1961 auscultavi

441 1986 468 2009 S.
489 1986 525 2009 .
546 1984 606 2016 Ego
628 1984 798 2013 Bernardus,
819 1983 889 2007 olim
909 1983 934 2007 d.
950 1983 1028 2006 Petri
1047 1983 1153 2007 iudicis
1167 1983 1199 2006 de
1215 1981 1336 2006 Casellis
1350 1981 1433 2011 filius,
1448 1983 1521 2005 civis
1533 1982 1687 2014 paduanus,
1704 1983 1833 2006 notarius
1847 1982 2058 2013 ultr-ascriptus,
2071 1981 2199 2005 existens

353 2030 383 2053 in
403 2029 497 2053 officio
517 2029 713 2060 ultrascripto,
735 2035 827 2052 coram
848 2028 980 2060 predicto
1002 2027 1104 2056 iudice,
1124 2027 1301 2058 presentibus
1321 2026 1458 2058 predictis
1478 2027 1596 2050 testibus
1616 2027 1742 2051 notariis
1761 2027 1788 2050 et
1808 2027 1894 2050 sociis
1914 2026 1949 2050 ad
1968 2026 2077 2050 dictum
2093 2025 2200 2049 discum

352 2074 452 2097 Dulcis
473 2076 499 2097 et
519 2074 595 2103 aliis,
616 2074 688 2097 dicti
707 2073 814 2096 iudicis
831 2073 909 2104 jussu
929 2074 956 2095 et
976 2072 1155 2102 auctoritate,
1177 2072 1350 2095 statutorum
1370 2071 1553 2094 solemnitate
1573 2072 1600 2094 et
1614 2071 1706 2095 forma
1721 2073 1842 2099 servata,
1857 2071 2014 2102 predictum
2028 2071 2200 2094 instrumen-

353 2120 412 2141 tum
431 2125 466 2142 ex
486 2118 632 2142 autentico
654 2118 811 2150 supradicti
833 2117 942 2141 Valerii
958 2117 1076 2145 notarii,
1088 2115 1140 2139 filii
1156 2123 1181 2146 q.
1194 2115 1280 2144 Tani,
1293 2115 1417 2139 fideliter
1430 2115 1590 2146 exemplavi
1609 2115 1748 2147 signoque
1763 2121 1824 2138 meo
1838 2115 1928 2139 solito
1950 2115 2093 2143 roboravi,
2107 2114 2150 2138 nil
2170 2115 2198 2137 in

352 2171 385 2187 eo
405 2163 512 2187 addens
532 2163 577 2186 vel
599 2163 738 2192 minuens,
758 2163 833 2194 quod
854 2162 1026 2186 sententiam
1046 2162 1145 2190 mutet,
1164 2162 1294 2184 currente
1319 2167 1395 2184 anno
1414 2160 1534 2184 Domini
1563 2160 1720 2184 millesimo
1741 2148 1942 2184 trecentesimo
1962 2159 2200 2191 quinquagesimo

352 2208 456 2238 primo,
477 2208 637 2231 indictione
658 2208 766 2238 quarta,
787 2207 833 2230 die
853 2207 966 2230 veneris
986 2205 1202 2237 quintodecimo
1222 2205 1328 2228 mensis
1349 2204 1425 2233 iulii,
1445 2204 1585 2236 regimine
1605 2205 1760 2229 antedicto.

442 2303 494 2334 39.
586 2302 828 2337 Instrumento,
853 2310 952 2332 como
983 2299 1106 2330 mesier
1138 2298 1249 2330 Bona-

352 2360 492 2393 venuta
521 2354 600 2386 fiolo
632 2354 698 2386 che
730 2354 765 2385 fo
798 2354 840 2385 de
873 2352 997 2385 mesier
1027 2352 1249 2384 Benevenisti

351 2408 396 2440 da
420 2408 588 2451 Florenca
614 2413 647 2439 et
670 2406 854 2438 habitador
876 2406 912 2438 in
935 2406 1006 2443 Est,
1034 2405 1249 2447 procurador

351 2462 395 2494 de
418 2461 542 2493 mesier
567 2460 735 2499 Goielmo,
759 2459 837 2491 fiolo
854 2465 890 2491 et
905 2460 1034 2490 herede
1058 2458 1102 2490 de
1126 2458 1250 2489 mesier

351 2515 534 2558 Aldigiero
559 2515 603 2545 da
621 2514 778 2545 Fontana
794 2512 839 2544 da
856 2514 1011 2549 Ferrara,
1028 2511 1085 2544 de'
1110 2517 1144 2543 et
1168 2521 1249 2543 con-

351 2569 438 2600 cede
461 2579 481 2599 a
505 2567 628 2598 mesier
653 2566 830 2607 Papafava
853 2565 898 2597 da
920 2564 1067 2596 Car-rara
1097 2570 1185 2597 tutte
1216 2564 1248 2595 le

352 2632 466 2658 rason,
491 2621 520 2651 le
546 2620 647 2662 quale
671 2619 738 2651 ello
763 2619 871 2650 havea
896 2625 1017 2650 contra
1033 2618 1045 2649 i
1062 2618 1140 2649 beni
1158 2623 1192 2649 et
1216 2617 1247 2648 le

351 2674 555 2716 possession,
587 2672 651 2704 che
684 2672 719 2703 fo
751 2672 795 2703 de
827 2671 952 2703 mesier
983 2671 1191 2702 Pieroconte
1216 2676 1249 2702 et

351 2734 471 2760 contra
494 2727 504 2757 i
528 2725 707 2768 possedori
741 2726 774 2757 di
808 2725 885 2756 beni
918 2725 974 2756 del
1007 2725 1093 2757 ditto
1126 2723 1248 2755 mesier

352 2780 558 2812 Pieroconte
582 2779 616 2810 in
641 2779 687 2821 gli
712 2778 820 2810 debiti
843 2783 932 2810 sotto
956 2777 1075 2819 scripti
1090 2776 1109 2809 .

473 2938 517 2961 Cf.
537 2938 663 2967 Creomo,
686 2937 782 2960 Alban
803 2937 860 2965 rit
881 2944 906 2968 p.
927 2935 969 2959 68.

1391 2299 1443 2330 39.
1560 2298 1827 2330 Instrumentum
1867 2298 2013 2340 qualiter
2044 2296 2202 2329 dominus

1302 2351 1536 2388 Bonavenuta
1560 2351 1647 2382 filius
1679 2351 1855 2393 quondam
1886 2350 2017 2382 domini
2048 2350 2204 2382 Beneve-

1303 2404 1379 2435 nisti
1405 2404 1448 2436 de
1466 2404 1643 2435 Florentia
1660 2410 1695 2436 et
1711 2404 1882 2436 habitator
1898 2404 1934 2435 in
1951 2404 2021 2444 Est,
2038 2413 2201 2445 procura-

1302 2463 1355 2489 tor
1378 2456 1509 2489 domini
1527 2457 1726 2495 Guillielmi,
1744 2457 1804 2488 filii
1821 2462 1854 2489 et
1870 2456 2010 2488 heredis
2025 2455 2200 2498 quondam

1302 2510 1431 2541 domini
1456 2509 1662 2553 Aldegherii
1695 2511 1737 2542 de
1769 2511 1925 2542 Fontana
1955 2511 1998 2541 de
2031 2508 2202 2546 Ferraria,

1302 2564 1405 2596 cessit
1437 2563 1577 2596 domino
1606 2564 1784 2605 Papafave
1819 2565 1863 2596 de
1895 2562 2055 2595 Carraria
2086 2561 2201 2594 omnia

1299 2616 1384 2658 jura,
1406 2627 1473 2658 que
1498 2617 1646 2648 habebat
1669 2623 1790 2649 contra
1806 2617 1896 2649 bona
1919 2623 1952 2648 et
1968 2615 2201 2657 possessiones

1301 2670 1473 2712 quondam
1505 2671 1633 2703 domini
1665 2671 1760 2703 Petri
1791 2670 1935 2702 Comitis
1966 2670 2009 2700 de
2039 2666 2198 2700 Carraria

1301 2729 1335 2755 et
1353 2723 1519 2755 bonorum
1537 2734 1750 2765 possessores
1765 2724 1800 2755 in
1817 2722 2046 2763 infrascriptis
2061 2719 2199 2752 debitis.

2235 687 2266 714 10

2235 909 2265 935 15

2231 1131 2267 1158 20

2233 1355 2266 1380 25

2231 1577 2267 1603 30

2231 1800 2265 1827 35

2231 2066 2265 2092 40

2231 2350 2272 2380 40

2229 2615 2268 2644 45
