2346 3597
699 326 837 358 REnAz.
863 324 894 357 A

377 399 491 442 lignea
527 405 560 430 et
593 398 661 428 iam
692 397 793 429 etiam
824 397 971 439 figendo
1003 396 1216 438 premiserat,

376 452 494 483 volens
524 450 740 492 imperatoris
775 450 977 482 satisfacere
1012 449 1110 486 votis,
1145 449 1216 486 Est,

376 511 499 535 terram
525 503 690 535 territorii
714 503 776 540 sui,
799 504 902 534 venit.
948 501 1050 534 Unde
1075 506 1217 543 propter

374 563 507 597 ruptam
531 555 673 587 Athesis
697 567 758 597 per
781 555 1001 588 Veronenses
1025 555 1152 587 factam
1181 561 1216 586 et

375 615 516 652 propter
540 616 759 652 augmentum
784 609 878 640 fluvii
903 608 1008 650 ipsius
1040 608 1075 639 in
1107 608 1216 640 solum

375 663 538 705 progredi
563 663 652 694 ultra
679 673 747 694 non
779 662 902 704 potuit,
925 672 991 692 nec
1020 662 1121 693 etiam
1154 672 1217 702 per

375 716 484 757 ipsum
521 715 694 747 dominum
726 715 949 746 Franciscum
983 715 1026 746 de
1059 714 1216 746 Carraria

374 768 469 800 micti
495 769 607 810 potuit
630 769 693 810 ipsi
721 768 860 800 domino
884 768 1084 809 imperatori
1117 778 1218 799 occa-

374 823 470 853 sione
494 822 653 863 predicta
677 832 822 853 acervus
846 826 892 852 x'¹‘
918 821 1125 853 florenorum
1153 821 1217 852 sibi

375 881 492 907 mutuo
510 876 707 916 petitorum,
724 880 776 905 set
793 874 929 906 demum
948 874 1139 906 Ferrariam
1159 875 1218 906 de-

374 929 489 961 stinati
512 929 613 960 etiam
638 928 785 959 rehabiti
803 927 954 964 fuerunt,
980 938 1021 959 eo
1045 928 1149 969 quod,
1167 928 1215 959 uti

373 983 519 1014 relatum
535 982 599 1013 fuit
615 982 679 1022 ipsi
697 981 836 1012 domino
853 980 1052 1019 Francisco,
1069 982 1216 1024 impera-

374 1036 438 1068 tori
463 1036 527 1077 ipsi
554 1041 636 1066 tunc
662 1034 727 1065 fuit
744 1035 787 1065 de
806 1034 947 1065 Boemia
964 1035 1115 1075 pecunia
1139 1045 1218 1076 por-

373 1094 454 1121 tata.
501 1089 554 1120 Ex
577 1098 656 1131 quo,
680 1087 762 1118 licet
783 1086 1022 1129 indignaretur
1042 1088 1075 1118 in
1095 1087 1215 1119 Carra-

371 1140 517 1170 riensem
531 1140 719 1177 dominum,
733 1150 799 1171 non
813 1146 924 1172 tamen
943 1141 1123 1182 processit,
1137 1141 1217 1184 quia

372 1193 446 1235 ipse
477 1192 637 1224 dominus
668 1193 876 1225 Franciscus
901 1194 1064 1225 noluisset
1089 1195 1217 1226 dictam

372 1245 557 1287 pecuniam
581 1246 646 1278 sibi
670 1246 822 1283 dedisse,
845 1254 897 1278 set
913 1247 1021 1278 solum
1047 1248 1216 1289 processit

372 1311 414 1330 ex
435 1299 542 1340 ipsius
564 1300 783 1341 imperatoris
807 1299 953 1338 desidia,
978 1300 1046 1343 qui,
1071 1301 1099 1332 si
1122 1301 1216 1332 iuxta

373 1353 487 1384 datum
506 1353 662 1384 ordinem
682 1353 874 1385 Ferrariam
892 1354 1040 1385 misisset
1057 1355 1101 1385 ad
1126 1365 1215 1385 mar-

373 1406 532 1438 chionem
565 1406 738 1449 Ugonem,
764 1406 905 1438 indubie
931 1417 1004 1439 eam
1029 1407 1214 1438 habuisset.

372 1459 447 1491 Nec
472 1460 538 1491 hoc
562 1460 663 1491 etiam
688 1459 978 1502 omictam‚qu0d,
1003 1461 1082 1491 dum
1106 1460 1215 1501 impe-

371 1519 465 1544 rator
488 1513 561 1553 ipse
586 1513 620 1543 in
644 1513 765 1544 castris
787 1514 926 1544 sederet
950 1514 985 1545 in
1001 1514 1078 1545 loco
1095 1518 1214 1545 sancte

371 1566 482 1598 Marie
506 1566 716 1608 Magdalene
740 1572 833 1597 extra
856 1562 1023 1604 Paduam,
1036 1577 1127 1610 aqua
1142 1566 1215 1598 sola

370 1620 516 1650 fluminis
539 1620 724 1655 mediante,
749 1625 784 1651 et
807 1620 850 1651 ad
873 1619 981 1661 ipsum
1005 1620 1215 1663 magnificus

371 1674 529 1705 dominus
553 1673 758 1705 Franciscus
775 1684 851 1704 eum
878 1665 1073 1705 visitaturus
1098 1684 1215 1705 acces-

370 1727 478 1764 sisset,
509 1726 654 1759 testibus
691 1726 821 1758 ibidem
861 1727 1076 1759 cancellario
1107 1727 1215 1769 ipsius

370 1780 500 1811 domini
518 1780 745 1820 imperatoris,
759 1780 925 1822 episcopo
942 1781 1164 1819 cloniacensi,
1181 1787 1214 1814 et

369 1834 502 1865 vicario
525 1834 631 1874 ipsius
648 1834 775 1875 prefati
794 1834 934 1871 domini,
951 1835 1214 1875 prenominatus

370 1887 442 1928 ipse
468 1887 626 1918 dominus
648 1888 837 1928 imperator
866 1888 1044 1918 dexteram
1068 1894 1213 1931 tangens

369 1940 477 1981 ipsius
501 1940 684 1981 magnifici
717 1940 847 1972 domini
879 1940 1102 1972 iureiurando
1135 1952 1214 1984 pro-

369 1994 461 2024 misit
485 2003 521 2025 se
546 2004 653 2035 usque
678 1994 862 2025 triennium
888 1994 931 2025 de
958 1994 1056 2025 Italia
1072 2005 1141 2026 non
1159 2005 1210 2026 re-

369 2058 553 2084 cessurum,
566 2047 630 2078 nisi
644 2049 686 2079 de
700 2058 790 2089 pape
806 2049 970 2080 mandato
987 2049 1091 2085 foret,
1107 2059 1211 2090 seque

367 2100 651 2132 Mediolanenses
669 2101 895 2133 domaturum.
928 2099 1034 2138 Quod
1052 2102 1212 2134 fidelibus

367 2153 435 2184 suis
466 2163 535 2185 non
566 2164 673 2194 parva
704 2154 769 2185 fuit
801 2165 879 2195 spes
910 2154 1212 2186 reconciliacionis

368 2205 482 2237 Italie:
507 2212 557 2238 set
580 2213 711 2247 postea,
743 2207 793 2238 uti
824 2207 1060 2249 experimento
1091 2208 1230 2250 cogni-¹

367 2264 436 2290 tum
462 2259 537 2297 suit,
563 2261 759 2301 oppositum
781 2267 937 2293 secutum
963 2268 1023 2296 est.

1285 821 1322 851 10

1284 1087 1319 1118 15

1279 1354 1318 1385 20

1277 1621 1316 1653 25

1275 1890 1316 1920 30

1276 2155 1314 2187 35

1274 2422 1314 2452 40
1335 2452 1337 2461 ,

1335 2465 1337 2475 ¹
1370 2470 1589 2502 olomacense
1608 2482 1625 2502 e
1652 2472 1673 2503 'l
1690 2472 1823 2505 vicario
1840 2472 1898 2505 del
1914 2473 2008 2506 dicto
2024 2475 2216 2518 magnifico

1274 2685 1312 2717 45

735 193 907 228 GESTA
936 191 1239 228 MAGNIFICA
1269 190 1454 226 DOMUS
1485 189 1874 225 CARRARIENSIS

1701 322 1841 354 REDAz.
1865 322 1897 354 D

1377 394 1410 425 in
1436 394 1466 425 le
1490 394 1571 436 qual
1595 393 1738 426 corririe
1755 403 1824 425 una
1847 393 1937 425 fiada
1952 393 2039 425 mori
2056 405 2100 426 un
2117 404 2220 426 cava-

1378 447 1462 477 liero
1480 447 1524 478 de
1540 447 1621 488 quel
1637 445 1731 478 dalla
1747 446 1847 479 Scala
1866 447 1909 478 de
1932 446 2034 488 colpo
2052 447 2094 478 de
2110 447 2219 491 lanea,

1377 499 1561 531 chiamado
1585 500 1709 532 mesier
1732 500 1865 538 Raven‚
1888 500 1919 532 el
1943 500 2023 542 qual
2047 501 2156 533 havea
2180 501 2221 544 ςὸ.

1376 552 1538 585 combatu
1563 563 1582 584 a
1603 552 1699 584 Pava
1723 559 1757 585 et
1773 553 1882 585 havea
1899 553 2064 596 obdignu.
2108 555 2169 587 Ma
2185 556 2221 587 in

1378 611 1500 648 questo
1513 605 1577 637 che
1590 612 1709 648 queste
1727 616 1806 638 cose
1823 616 1860 637 se
1873 607 1908 638 fa
1922 607 1955 638 in
1973 607 2006 638 lo
2023 607 2159 648 s[er]aio
2177 608 2220 639 de

1377 658 1527 695 Verona,
1558 664 1592 690 et
1622 659 1798 691 habIando
1829 660 2051 705 l’imperador
2074 661 2153 692 voia
2177 661 2220 693 de

1377 711 1493 754 parlar
1510 712 1566 744 col
1582 712 1768 754 magnifico
1792 713 1909 756 signor
1925 714 2049 745 mesier
2072 715 2222 746 France-

1377 775 1448 803 sco,
1467 775 1565 796 como
1582 765 1649 796 ello
1666 775 1708 807 ge
1725 767 1835 797 havea
1851 768 1946 798 facto
1963 767 2093 798 scriver
2108 778 2172 809 per
2187 768 2221 800 lo

1379 819 1553 860 capitanio
1570 818 1662 850 delle
1687 828 1723 850 so
1747 825 1862 861 gente,
1886 820 1917 850 el
1935 819 2019 851 ditto
2037 821 2221 863 magnifico

1378 872 1505 915 signor,
1522 871 1553 904 el
1570 871 1650 914 qual
1675 882 1738 912 per
1760 870 2048 905 comandamento
2069 874 2112 905 de
2136 874 2222 906 l’im-

1380 925 1528 967 perador
1541 925 1649 956 havea
1662 925 1757 956 facto
1770 925 1866 966 ponti
1882 932 1914 957 et
1928 926 2003 957 altri
2017 927 2222 958 instrumen-

1377 980 1403 1011 ti
1427 978 1471 1010 da
1496 979 1610 1010 bataia
1633 984 1666 1009 et
1689 977 1844 1009 etiandio
1861 979 1971 1010 havea
1995 979 2034 1022 ςὲ
2058 980 2222 1012 mandadi

1376 1033 1490 1075 inanci
1505 1032 1614 1074 quini,
1631 1032 1697 1063 che
1714 1026 1724 1062 i
1741 1031 1851 1063 dovea
1869 1032 1986 1070 richar,
2005 1033 2154 1065 voiando
2170 1044 2223 1065 sa-

1378 1086 1476 1117 tisfar
1493 1086 1559 1117 alla
1575 1085 1716 1117 volonta
1735 1085 1777 1117 de
1795 1084 2032 1127 l’imperador‚
2046 1097 2157 1118 venne
2177 1088 2220 1119 ad

1377 1139 1448 1178 Est,
1465 1145 1558 1171 terra
1575 1139 1633 1170 del
1657 1149 1694 1171 so
1709 1145 1837 1171 terren.
1876 1139 1979 1171 Unde
1995 1151 2060 1182 per
2073 1141 2108 1172 la
2124 1147 2222 1173 rocta

1377 1193 1421 1225 de
1446 1192 1623 1233 l’A[de]se‚
1640 1193 1734 1225 facta
1749 1203 1813 1234 per
1828 1193 1837 1223 i
1858 1192 2038 1232 Veronesi,
2061 1200 2096 1226 et
2111 1205 2172 1236 per
2190 1195 2222 1226 lo

1376 1256 1514 1277 crescer
1531 1246 1587 1277 del
1599 1246 1701 1276 fiume
1719 1245 1753 1276 in
1780 1253 1882 1284 terra,
1899 1246 1967 1278 ello
1983 1257 2028 1279 no
2045 1247 2143 1288 posse
2160 1258 2221 1279 an-

1377 1300 1439 1330 dar
1454 1300 1513 1340 piu
1531 1299 1628 1337 oltra,
1650 1299 1693 1330 ne
1718 1299 1871 1332 etiandio
1894 1310 1932 1331 se
1956 1301 2054 1341 posse
2078 1301 2223 1333 mandar

1374 1363 1437 1394 per
1459 1352 1492 1383 lo
1509 1352 1603 1384 dicto
1628 1353 1808 1395 magnifico
1832 1354 1949 1396 signor
1972 1355 2096 1387 mesier
2113 1356 2222 1388 Fran-

1375 1415 1476 1437 cesco
1502 1406 1545 1437 da
1562 1404 1710 1438 carrara
1726 1406 1758 1438 al
1776 1407 1871 1439 dicto
1893 1408 2092 1450 imperador
2108 1419 2172 1451 per
2187 1410 2222 1441 la

1375 1469 1480 1490 cason
1501 1459 1659 1500 predicta
1675 1460 1788 1492 fiorini
1810 1461 1905 1493 diese
1928 1461 2047 1500 millia,
2064 1462 2128 1494 che
2153 1462 2220 1494 ello

1374 1522 1417 1555 ge
1441 1512 1551 1544 havea
1575 1512 1796 1556 domandada
1819 1514 1854 1545 in
1877 1515 2052 1556 prestedo‚
2083 1521 2117 1546 et
2140 1526 2220 1558 por-

1373 1566 1447 1597 tadi
1464 1565 1473 1596 i
1492 1566 1604 1598 dinari
1621 1577 1641 1598 a
1656 1568 1814 1606 Ferrara,
1837 1568 1992 1600 anchora
2010 1579 2045 1600 se
2061 1569 2150 1600 have
2166 1570 2220 1600 in-

1373 1618 1462 1659 drio,
1486 1619 1626 1660 perche,
1651 1629 1749 1652 como
1774 1620 1810 1652 fo
1835 1620 1931 1653 dicto
1962 1622 1994 1653 al
2022 1622 2219 1654 sovradicto

1373 1672 1556 1714 magnifico
1569 1671 1717 1714 signore,
1735 1673 1779 1705 de
1803 1672 1945 1705 Boemia
1962 1675 1998 1706 fo
2015 1675 2152 1716 portadi
2169 1674 2220 1707 di-

1373 1725 1448 1757 nari
1467 1725 1499 1756 al
1523 1725 1618 1758 dicto
1641 1725 1849 1768 imperador.
1888 1727 1957 1759 Per
1972 1729 2004 1759 la
2021 1728 2102 1771 qual
2126 1738 2218 1769 cosa,

1373 1779 1509 1810 benche
1534 1779 1557 1810 '1
1579 1790 1617 1810 se
1631 1779 1833 1822 indignasse
1847 1786 1966 1813 contra
1990 1781 2022 1812 el
2037 1782 2131 1814 dicto
2147 1793 2219 1813 ma-

1373 1831 1499 1876 gnifico
1515 1833 1643 1876 signor‚
1661 1844 1704 1865 no
1724 1833 1773 1871 fo,
1790 1833 1921 1876 perche
1945 1834 2013 1866 ello
2036 1845 2082 1867 no
2099 1846 2141 1878 ge
2159 1835 2220 1867 ha-

1372 1896 1470 1917 vesse
1485 1886 1563 1918 voiil
1580 1892 1714 1927 prestar
1729 1887 1739 1917 i
1756 1886 1842 1919 dicti
1860 1887 1955 1919 diese
1971 1888 2078 1920 millia
2094 1889 2219 1927 fiorini,

1373 1944 1407 1971 et
1429 1939 1590 1970 advenne
1613 1949 1676 1981 per
1699 1939 1842 1981 pigrisia
1866 1940 1909 1972 de
1933 1939 2164 1983 l'imperador,
2188 1941 2220 1973 el

1372 1991 1462 2035 qual,
1475 2002 1511 2024 se
1525 1993 1680 2034 segoudo
1693 1992 1849 2025 l'ordene
1864 1994 1955 2025 dado
1969 1995 2112 2027 havesse
2125 2006 2221 2026 man·

1372 2045 1463 2077 dado
1475 2056 1495 2076 a
1507 2045 1886 2081 Ferrara,a1marchese
1897 2047 1989 2089 Ugo,
1998 2058 2103 2090 senca
2115 2048 2220 2091 algun

1372 2098 1475 2130 dubio
1493 2099 1560 2131 ello
1591 2099 1624 2130 ie
1650 2098 1822 2131 havet-ave
1847 2099 1988 2132 habudi.
2027 2100 2083 2132 Ne
2107 2101 2219 2134 anche

1371 2157 1493 2194 questo
1510 2152 1589 2183 voio
1613 2152 1648 2184 io
1673 2152 1781 2184 lassar
1803 2153 1880 2191 che,
1901 2153 2022 2186 siando
2047 2154 2220 2196 l’impera-

1371 2206 1434 2237 dor
1459 2205 1607 2247 aloe-ado
1631 2205 1667 2236 in
1703 2206 1736 2237 lo
1759 2207 1864 2249 luogo
1889 2208 1931 2239 de
1952 2205 2083 2238 Sancta
2105 2206 2219 2239 Maria

1371 2258 1582 2300 Magdalena
1604 2259 1686 2290 fuor
1710 2260 1752 2291 de
1777 2260 1871 2292 Pava
1895 2265 1931 2292 et
1953 2261 2076 2293 siando
2099 2262 2131 2294 el
2146 2272 2218 2294 ma-

1370 2311 1499 2355 gnifico
1519 2311 1637 2354 signor
1655 2312 1780 2344 mesier
1792 2312 1821 2343 F
1823 2324 1991 2346 rancesco
2008 2313 2054 2346 da
2069 2315 2218 2347 Carrara

1369 2364 1508 2396 andado
1524 2375 1544 2396 a
1558 2364 1618 2396 llui
1631 2375 1694 2407 per
1707 2366 1870 2405 visitarlo‚
1886 2367 2008 2400 siando
2020 2368 2218 2401 testimonio

1371 2416 1403 2448 el
1415 2417 1612 2449 canceliero
1621 2417 1678 2450 del
1690 2418 1786 2450 dicto
1796 2419 2005 2461 imperador,
2017 2421 2049 2453 el
2067 2431 2217 2455 vescovo

1369 2523 1497 2565 signor,
1522 2524 1554 2555 el
1586 2524 1680 2556 dicto
1711 2525 1909 2567 imperador
1939 2537 2040 2568 prese
2072 2528 2104 2559 la
2137 2538 2216 2559 man

1371 2575 1483 2608 dricta
1507 2576 1564 2608 del
1588 2577 1684 2609 dicto
1709 2578 1898 2622 magnifico
1920 2579 2049 2622 signer,
2073 2586 2107 2612 et
2122 2580 2148 2612 si
2171 2591 2215 2624 ge

1336 2647 1337 2650 =
1371 2629 1521 2671 promise
1545 2639 1609 2671 per
1640 2640 1677 2662 so
1700 2637 1933 2674 sagramento,
1967 2633 2033 2664 che
2064 2633 2137 2665 fina
2171 2634 2216 2666 tri

1370 2682 1450 2714 anni
1469 2682 1538 2714 ello
1562 2693 1607 2714 no
1630 2694 1666 2716 se
1691 2685 1864 2726 partirave
1889 2685 1933 2717 de
1955 2685 2063 2723 Italia,
2081 2696 2116 2718 se
2133 2685 2155 2717 'l
2170 2697 2215 2719 no

1369 2736 1462 2767 fosse
1492 2737 1534 2768 de
1561 2738 1852 2770 comandamento
1877 2738 1934 2771 del
1958 2749 2061 2780 papa,
2085 2745 2119 2771 et
2149 2740 2214 2772 che

1370 2788 1438 2819 ello
1463 2787 1650 2820 domarave
1667 2789 1763 2832 quilli
1782 2791 1826 2822 da
1843 2790 1962 2822 Milan.
1990 2791 2041 2823 La
2057 2792 2137 2834 qual
2153 2803 2214 2834 pa-

1334 2843 1335 2880 }
1368 2842 1443 2873 rola
1468 2843 1503 2873 fo
1527 2853 1613 2884 gran
1638 2854 1806 2886 speranca
1827 2843 1861 2875 in
1889 2854 1926 2875 so
1959 2845 2090 2877 subditi
2123 2845 2214 2878 della

1458 2967 1498 2992 ¹4·
1518 2962 1591 2986 sicar
1611 2962 1637 2985 P
1646 2962 1675 2986 E
