2346 3597
329 1894 359 1910 10

330 2108 358 2131 15

331 2316 362 2332 20

332 2736 364 2759 30

332 2948 362 2971 ,35

387 166 457 205 172

732 140 906 199 GESTA
936 163 1238 198 MAGNIFICA
1267 162 1452 198 DOMUS
1481 162 1873 198 CARRARIENSIS

377 299 512 329 scriptum
527 296 686 328 exemplum
697 302 730 320 ex
742 296 898 328 privilegio
912 296 1085 320 serenissimi
1101 295 1210 319 domini
1227 296 1338 319 domini
1354 294 1502 323 Fridcrici,
1516 295 1618 319 divina
1634 296 1747 319 favente
1761 295 1913 319 clemencia
1923 295 2119 319 Romanorum
2133 296 2218 326 impe-

379 342 482 366 ratoris
502 341 623 372 augusti,
639 341 763 364 eiusdem
778 341 891 364 domini
907 341 1087 372 imperatoris
1100 339 1190 371 sigilli
1207 340 1393 371 impressione
1407 340 1528 370 munito,
1541 347 1634 363 coram
1649 341 1827 372 antescripto
1846 339 1940 372 :iudice
1960 346 2008 371 per
2022 346 2064 363 me
2078 340 2219 363 notarium

378 388 535 415 insinuate,
556 386 628 408 lecto
648 387 675 409 et
696 385 854 416 publicato,
875 386 904 408 in
926 393 980 416 quo
1001 384 1113 415 quidem
1133 383 1232 415 sigillo
1253 384 1325 408 dicti
1345 383 1457 407 domini
1478 384 1659 416 imperatoris
1678 383 1767 415 figura
1787 384 1953 407 cernebatur
1973 384 2003 406 in
2023 383 2127 407 throno
2152 384 2218 407 resi-

378 430 455 459 dens,
475 438 536 453 cum
558 430 664 453 litteris
683 430 878 459 circularibus,
898 437 965 460 quas
986 430 1101 461 propter
1121 428 1212 459 ipsius
1232 428 1323 460 sigilli
1345 429 1547 459 antiquitatem
1567 429 1658 460 legere
1680 436 1738 452 non
1753 429 1844 460 potui,
1865 427 1970 459 prefati
1983 427 2089 460 judicis
2101 429 2178 459 iussu
2192 429 2220 451 et

378 475 555 502 auctoritate,
573 475 645 506 juris
664 476 691 497 et
711 476 881 498 statutorum
903 474 1062 497 communis
1082 473 1175 496 Padue
1195 473 1380 496 solemnitate
1400 474 1520 501 servata,
1540 473 1651 503 aliquid
1667 480 1723 496 non
1743 473 1849 496 addens
1864 480 1913 496 nec
1928 473 2069 501 minuens,
2087 479 2135 503 per
2146 471 2219 503 quod

378 526 474 543 sensus
494 519 619 542 varietur
640 519 682 542 vel
704 518 850 542 sentencia
871 519 1002 548 mutetur,
1022 508 1190 548 transcripsi
1211 519 1238 540 et
1257 516 1378 540 fideliter
1396 517 1567 549 exemplavi,
1585 517 1688 546 Padue,
1708 517 1737 540 in
1759 517 1904 541 communi
1923 517 2041 548 palatin,
2061 516 2095 540 ad
2110 516 2217 539 dictum

378 565 485 587 discum
506 563 603 591 Bovis,
620 570 698 586 anno
719 571 733 586 a
754 563 908 586 nativitate
928 562 1049 586 Domini
1071 561 1224 585 millesimo
1244 562 1443 584 trecentesimo
1463 561 1700 593 quinquagesimo
1721 562 1852 589 secundo,
1873 561 2034 585 indictione
2048 561 2158 591 quinta,
2172 561 2218 584 dle

379 608 477 631 martis
496 607 604 631 decima
626 607 729 631 mensis
747 608 881 639 januarii,
900 607 1079 638 presentibus
1099 612 1142 628 ser
1162 605 1286 637 Angelo,
1308 605 1453 636 quondam
1472 606 1583 629 domini
1599 606 1674 629 Petri
1691 606 1723 629 de
1738 605 1896 634 Candiana,
1910 606 1943 629 de
1957 606 2103 629 contracta
2117 604 2220 628 Sancte

380 651 496 681 Cecisse,
515 652 650 680 Iohanne,
669 652 812 682 quondam
832 651 944 674 domini
963 650 1059 674 Iacobi
1079 649 1231 677 Foscardo,
1252 650 1284 673 de
1305 651 1434 684 contrata
1449 649 1547 673 Sancti
1565 650 1766 679 Bettholamei,
1786 652 1813 674 et
1832 649 1994 680 Francisco‚
2015 648 2159 680 quondam
2178 655 2221 672 ser

380 696 525 720 Dominici
545 704 559 720 a
579 696 651 724 Sale,
671 696 704 719 de
724 698 854 719 contrata
874 695 972 719 Sancti
993 695 1128 724 Antonii,
1150 694 1274 718 notariis
1293 694 1327 718 ad
1349 694 1458 718 dictum
1478 694 1595 724 discum,
1614 696 1642 718 et
1662 695 1728 718 aliis
1870 692 1873 693 ⁷

600 780 644 812 X.
671 800 710 804 —
736 780 861 812 Alisier
887 779 1046 811 lacomin.

472 861 519 892 19.
546 860 601 901 [9].
628 878 668 883 -—
693 861 720 892 F
723 860 792 892 iolo
816 859 965 892 succede
983 860 1015 890 al
1039 859 1274 900 sovrascripto

380 913 534 945 Marsilio
558 914 616 945 dal
633 913 777 945 castello
794 914 839 945 de
856 913 1003 945 Carrara
1018 912 1036 944 ¹.
1079 913 1130 944 De
1155 917 1275 954 questo

381 977 490 999 meser
513 967 687 998 Iacomino
711 967 744 999 io
767 973 868 998 trovo
892 977 960 998 una
983 966 1161 998 sentencia
1184 966 1276 997 dada

381 1031 440 1062 per
458 1020 647 1052 voluntade
666 1031 684 1051 e
701 1021 993 1052 comandamento
1011 1021 1054 1051 de
1071 1019 1149 1051 tutti
1166 1019 1177 1050 i
1195 1029 1276 1050 con-

380 1074 444 1105 suli
469 1073 526 1105 dal
548 1083 672 1105 comun
695 1073 738 1105 de
771 1072 874 1110 Pava,
906 1073 952 1105 du
984 1073 1132 1114 excepti,
1155 1078 1276 1104 contra

382 1138 448 1159 una
471 1128 619 1159 madona
643 1127 855 1165 Bartholina‚
880 1133 914 1158 et
937 1127 969 1158 le
993 1127 1083 1164 fiole,
1107 1132 1140 1158 et
1164 1127 1220 1164 lui,
1244 1132 1279 1158 et

381 1191 425 1212 un
456 1181 544 1212 altro
577 1181 709 1218 Marco,
740 1186 774 1211 et
802 1179 834 1211 le
866 1180 993 1211 moiere
1018 1180 1061 1211 de
1086 1179 1203 1222 quelli,
1234 1190 1277 1210 ne

381 1234 495 1265 l’anno
527 1233 584 1264 del
615 1232 765 1275 Signore
797 1233 889 1265 mille
921 1239 1022 1265 cento
1058 1238 1190 1265 ottanta
1222 1233 1281 1271 du,

382 1286 510 1329 perche
534 1287 545 1318 i
569 1286 646 1318 ditti
671 1286 826 1318 Iacomin
850 1287 895 1318 da
925 1286 1074 1318 Carrara
1098 1292 1131 1320 et
1156 1286 1279 1318 Marco

382 1341 540 1371 haveano
556 1339 707 1371 conbatn
724 1345 758 1371 et
774 1346 877 1371 venta
900 1339 934 1370 la
958 1347 1050 1371 turre
1075 1340 1117 1371 de
1133 1339 1279 1371 Alberto

382 1394 426 1425 da
450 1393 545 1424 Baon
570 1399 604 1425 et
627 1392 659 1423 la
682 1403 742 1424 soa
767 1403 857 1430 casa,
881 1393 1019 1424 metude
1044 1393 1078 1424 in
1103 1393 1212 1425 l’isola
1237 1394 1281 1426 de

473 1505 479 1521 ¹
501 1507 638 1539 Iacopino
665 1506 699 1530 da
722 1505 851 1534 Carrara,
877 1507 962 1530 unico
982 1506 1061 1537 figlio
1088 1506 1117 1530 di
1137 1506 1276 1536 Marsilio,

386 1549 508 1572 raccolse
527 1547 655 1572 l'eredita
676 1551 803 1581 paterna,
823 1556 836 1572 e
856 1556 909 1572 con
929 1556 989 1572 essa
1009 1549 1036 1572 la
1056 1549 1171 1573 difficile
1190 1550 1279 1572 situa-

385 1592 474 1620 zione,
500 1593 650 1622 preparata
675 1591 970 1622 dall'irrequietudine
996 1590 1041 1614 del
1068 1591 1154 1622 padre
1180 1599 1228 1623 per
1251 1591 1278 1614 la

386 1633 477 1656 disesa
503 1640 517 1655 e
543 1632 732 1664 l'espansione
756 1633 832 1656 della
858 1630 976 1664 podesta
1001 1632 1240 1664 giurisdizionale
1265 1640 1279 1656 e

386 1674 460 1698 della
479 1676 600 1705 potenza
621 1675 832 1705 patrimoniale.
864 1671 1119 1698 Conformemente
1138 1675 1164 1697 al
1185 1675 1278 1705 padre,

387 1716 477 1740 fedele
503 1723 619 1747 seguace
639 1716 888 1748 dell'imperatore,
910 1717 938 1740 fu
959 1724 1090 1749 sorpreso
1113 1723 1127 1740 e
1151 1717 1280 1740 travolto

388 1757 465 1782 dalla
479 1758 585 1782 rivolta
605 1758 804 1790 antimperiale
817 1759 862 1782 del
884 1758 949 1789 1164
963 1766 976 1782 e
991 1760 1130 1782 costretto
1143 1765 1158 1782 a
1172 1759 1281 1782 esulare

387 1798 433 1832 (es.
455 1799 580 1828 CssoLno,
601 1800 629 1824 S.
651 1800 763 1832 Stefano
786 1802 843 1829 cit„
864 1808 890 1832 p.
911 1807 943 1832 42
963 1808 1018 1832 sg.;
1044 1800 1147 1830 Zonm,
1166 1803 1206 1830 op.
1227 1800 1283 1828 cit.⁷

388 1850 413 1874 p.
432 1849 487 1873 153,
505 1848 570 1874 129:
590 1841 715 1869 GLomA,
737 1842 896 1872 Speronella
917 1851 930 1866 e
949 1844 977 1866 la
996 1843 1111 1866 riscossa
1130 1843 1176 1866 dei
1194 1843 1283 1866 Pado-

389 1884 462 1912 vani,
480 1882 605 1912 Padova,
622 1882 697 1911 1822,
712 1891 738 1915 p.
762 1890 807 1914 123
827 1884 990 1913 Bnuzmcm,
1004 1884 1135 1916 Defacto
1150 1884 1284 1910 Marcln'e,

389 1927 418 1949 in
439 1925 622 1957 Opuscoli
657 1924 855 1958 Cologera.
877 1928 896 1950 t.
916 1931 957 1956 45,
979 1933 1005 1957 p.
1020 1925 1073 1957 52),
1090 1933 1167 1949 come
1182 1926 1283 1949 risulta

388 1968 464 1992 dalle
483 1968 703 1992 testimonianze
723 1968 767 1991 del
792 1975 859 2000 1194
880 1968 954 1992 nella
975 1969 1027 1992 lite
1050 1968 1093 1991 fra
1113 1968 1134 1991 il
1161 1975 1283 1992 vescovo

389 2019 402 2034 e
423 2011 443 2034 il
464 2012 627 2034 monastero
648 2011 678 2034 di
697 2011 724 2034 S.
748 2010 868 2034 stefano
891 2010 995 2042 (Aaou.
1018 2010 1132 2038 eurr„
1151 2010 1283 2038 PAnovA,

388 2054 485 2084 Perg„
504 2054 523 2077 t.
544 2061 567 2083 4,
590 2052 724 2082 Curram,
746 2061 772 2077 n.
794 2060 804 2076 1
827 2061 840 2076 e
862 2053 896 2084 2).
933 2053 965 2076 In
986 2054 1084 2084 questa
1098 2053 1247 2076 occasione
1263 2053 1282 2075 11

388 2095 508 2119 castello
529 2095 556 2118 di
577 2095 698 2119 Carrara
719 2095 749 2119 fu
769 2096 908 2119 distrutto
934 2095 981 2119 dai
1001 2095 1112 2119 consoli
1139 2094 1284 2126 padovani

387 2135 621 2168 (testimonianza
637 2137 666 2161 di
686 2136 837 2161 Lamberto
852 2136 950 2168 prete),
972 2145 1015 2160 ma
1029 2137 1050 2161 il
1071 2138 1234 2160 monastero
1255 2136 1284 2159 di

390 2180 415 2203 S.
436 2180 556 2203 Stefano
582 2187 596 2203 e
617 2181 623 2203 i
646 2180 709 2203 suoi
730 2180 852 2210 nomini,
871 2180 976 2204 salvati
997 2186 1011 2203 e
1033 2180 1150 2211 protetti
1172 2179 1218 2202 dal
1239 2186 1284 2202 ve-

390 2228 485 2252 scovo,
509 2223 648 2245 rimasero
675 2222 759 2245 illesi.
798 2222 936 2253 Iacopino
964 2219 1029 2254 pote
1055 2222 1197 2245 ritornare
1223 2221 1284 2244 solo

391 2264 488 2288 l'anno
508 2265 592 2296 dopo,
609 2267 749 2288 avvenuta
764 2264 790 2288 la
806 2266 1018 2288 restaurazione
1033 2264 1076 2288 del
1091 2270 1220 2295 governo
1235 2264 1286 2287 im-

390 2307 496 2338 periale
516 2307 592 2330 nella
612 2304 690 2330 citta.
724 2307 788 2330 Non
810 2314 960 2330 cessarono
975 2305 1043 2338 pero
1059 2307 1085 2330 le
1099 2307 1147 2330 liti
1162 2306 1206 2329 nel
1221 2313 1285 2329 con-

391 2349 466 2377 tado,
487 2350 652 2380 sopratutto
674 2351 716 2372 tra
732 2349 886 2378 Carraresi,
901 2351 909 2373 i
922 2350 957 2373 da
971 2349 1067 2373 Baone
1080 2356 1094 2373 e
1107 2349 1148 2381 gli
1163 2348 1287 2376 Estensi,

390 2400 403 2415 e
424 2394 467 2415 tra
487 2391 641 2420 Carraresi,
662 2392 682 2415 11
706 2399 834 2420 vescovo,
855 2399 868 2415 e
888 2393 898 2415 1
919 2392 1052 2416 canonici
1072 2399 1120 2424 per
1141 2392 1161 2415 il
1181 2392 1285 2415 diritto

391 2435 418 2458 di
434 2436 655 2466 giuspatronato
676 2442 758 2466 sopra
779 2434 799 2458 il
821 2436 984 2458 monastero
1004 2435 1031 2458 di
1051 2434 1077 2458 S.
1097 2434 1216 2458 Stesano
1229 2441 1243 2457 e
1257 2434 1286 2457 di

390 2476 601 2508 giurisdizione
621 2483 706 2507 sopra
727 2476 751 2499 le
772 2484 818 2499 sue
840 2478 922 2505 terre,
945 2477 974 2499 in
989 2475 1140 2500 Pernumia
1155 2483 1168 2500 e
1183 2483 1197 2499 a
1211 2475 1286 2500 Con-

331 2529 360 2544 ·2-
391 2519 467 2542 sclve
487 2518 598 2549 (Zonz1,
612 2522 653 2547 op.
667 2519 720 2546 cia,
735 2526 761 2549 p.
779 2518 828 2550 146
843 2519 903 2550 sg.).
930 2518 1037 2542 Marito
1055 2519 1082 2541 in
1098 2519 1188 2549 prime
1203 2524 1286 2541 nozze

392 2562 419 2583 di
446 2560 614 2591 Speronella
643 2560 850 2590 Delesmanini,
880 2561 925 2589 (ef.
952 2561 1116 2589 szumccx,
1144 2560 1185 2583 De
1204 2559 1286 2591 sacto

393 2604 515 2627 Marclu'e
529 2604 586 2632 cit,
602 2610 627 2634 p.
642 2608 672 2633 45
685 2610 690 2633 ;
707 2603 895 2627 Canania-hesse
909 2603 939 2627 ‹li
953 2604 980 2627 S.
992 2604 1095 2631 Pietro,
1106 2603 1232 2632 Padova,
1244 2607 1284 2629 2²,

392 2653 417 2676 p.
437 2644 490 2676 68),
507 2644 582 2676 dopo
597 2644 625 2668 lo
640 2645 842 2676 scioglimento
858 2645 901 2668 del
918 2645 1114 2675 matrimomo,
1128 2643 1213 2676 sposo
1230 2645 1284 2667 Ma-

392 2689 432 2710 ria
453 2688 487 2710 da
508 2686 612 2716 Baone,
634 2686 708 2717 figlia
730 2688 757 2710 di
780 2687 933 2710 Alberfino
953 2695 967 2711 e
987 2687 1091 2710 sorella
1111 2688 1140 2710 di
1165 2686 1285 2710 Alberto

394 2730 411 2753 il
433 2730 538 2761 grande
559 2729 672 2758 (Zosz,
691 2733 731 2759 op.
752 2731 803 2759 cia,
820 2738 845 2762 p.
863 2737 909 2762 151
926 2737 975 2761 sg.,
992 2736 1038 2760 153
1060 2728 1121 2761 sg.)‚
1135 2736 1149 2752 e
1164 2737 1212 2761 per
1225 2737 1286 2761 que-

392 2775 434 2796 sta
448 2772 592 2803 parentela
607 2772 634 2795 la
649 2779 710 2795 casa
726 2772 760 2795 da
775 2772 895 2795 Carrara
911 2773 939 2796 su
953 2773 1103 2796 coinvolta
1118 2773 1193 2796 nelle
1207 2779 1286 2803 aspre

391 2823 403 2838 e
425 2814 598 2845 sanguineae
618 2814 688 2837 lottc
709 2815 856 2845 scoppiatc¹
883 2816 958 2847 dopo
978 2815 1005 2839 la
1025 2817 1114 2838 morte
1141 2815 1168 2838 di
1193 2815 1287 2838 Alber-

392 2857 454 2880 tino
475 2863 523 2888 per
544 2857 569 2880 la
590 2856 735 2879 divisione
756 2857 798 2880 dcl
826 2864 875 2880 suo
896 2857 1083 2888 patrimonio,
1111 2856 1285 2880 nell'ultimo

392 2900 501 2922 scorcio
522 2899 565 2922 del
585 2899 691 2926 secolo,
714 2901 755 2921 tra
777 2899 801 2922 lc
822 2899 874 2922 due
895 2899 1022 2929 sarniglie
1042 2900 1077 2923 da
1097 2899 1191 2922 Baone
1211 2905 1225 2922 e
1251 2898 1285 2922 da

394 2940 512 2964 Carrara
540 2940 651 2970 (Zonm,
670 2944 710 2970 op.
736 2941 790 2970 cit„
810 2948 836 2971 p.
859 2947 908 2964 120
934 2940 1013 2972 sgg.).
1051 2940 1090 2964 La
1116 2942 1207 2972 prima
1228 2941 1289 2965 fase

1526 778 1569 810 Χ.
1598 797 1633 801 -
1664 778 1829 810 Dominus
1852 778 2029 810 lacobinus

1422 860 1470 891 19.
1485 859 1530 900 [9]
1550 878 1586 881 —-
1604 859 1712 891 Filius
1723 857 2034 891 domino‘Marsiiio
2047 857 2225 894 successit,

1329 923 1371 944 ex
1394 913 1501 954 stirpe
1521 912 1685 944 nobilium
1710 911 1753 944 de
1779 918 1892 944 castro
1909 910 2080 943 Carrarie.
2118 910 2227 942 Here-

1329 966 1437 998 ditate
1455 972 1599 1007 paterna
1621 966 1658 997 in
1678 965 1838 996 districtu
1861 964 1981 997 Padue
2005 970 2039 995 et
2062 962 2226 995 tarvisino

1329 1019 1515 1052 ditissimus
1539 1019 1628 1061 agri;
1654 1016 1705 1050 vir
1729 1018 1831 1049 armis
1854 1023 2022 1055 strenuus,
2039 1017 2225 1049 amicorum

1331 1072 1550 1105 multitudine
1572 1072 1730 1110 vallatus,
1754 1071 1848 1114 quod
1877 1081 1967 1103 anno
1996 1069 2128 1102 domini
2153 1069 2227 1100 mil-

1331 1126 1451 1157 lesimo
1475 1125 1664 1157 centesimo
1689 1124 1927 1167 octuagesimo
1943 1123 2099 1156 secundo
2115 1122 2150 1153 in
2167 1122 2225 1154 de-

1332 1179 1520 1211 bellatione
1544 1178 1647 1210 turris
1672 1177 1811 1209 Alberti
1835 1177 1879 1209 de
1903 1177 2020 1208 Baone
2044 1181 2078 1207 et
2106 1176 2228 1207 domus

1333 1233 1416 1269 eius,
1441 1232 1564 1264 situata
1584 1232 1618 1263 in
1641 1232 1754 1263 insula
1777 1231 1820 1263 de
1843 1231 2067 1272 Capitesilve‚
2083 1229 2230 1262 viriliter

1333 1286 1594 1318 demonstravit.
1639 1285 1753 1317 Multa
1775 1285 1856 1316 huic
1879 1285 2018 1326 pheuda
2041 1283 2151 1324 suere,
2169 1294 2230 1314 an-

1335 1339 1415 1370 cille
1439 1345 1474 1370 et
1497 1338 1630 1370 vasalli.
1674 1337 1742 1370 Hic
1767 1338 1870 1369 etiam
1888 1347 2031 1369 uxorem
2049 1336 2146 1368 duxit
2169 1336 2230 1367 do-

1333 1393 1459 1424 minam
1482 1391 1641 1430 Mariam‚
1662 1391 1765 1423 filiam
1793 1391 1908 1424 militis
1939 1391 2067 1433 egregii
2098 1389 2231 1422 domini

1329 1506 1356 1530 di
1378 1508 1476 1537 questa
1496 1506 1570 1530 lotta
1592 1505 1621 1529 fu
1635 1505 1769 1529 conclusa
1790 1512 1843 1529 con
1865 1505 1892 1528 la
1906 1506 2039 1528 sentenza
2054 1504 2098 1527 dcl
2112 1503 2228 1535 giudice

1332 1548 1479 1572 Giovanni
1499 1545 1620 1580 Zopello
1642 1555 1655 1580 5
1678 1547 1829 1571 novembre
1845 1545 1921 1578 1183,
1938 1547 2049 1570 riserita
2064 1546 2110 1570 dal
2126 1547 2228 1569 nostro

1333 1592 1459 1615 cronista
1479 1589 1592 1623 (Zonzr,
1611 1594 1652 1620 op.
1671 1590 1727 1619 cit.⁷
1747 1598 1772 1622 p.
1797 1596 1841 1613 121
1864 1588 1931 1621 sg.):
1952 1597 1996 1613 ma
2013 1590 2038 1613 le
2051 1595 2150 1621 guerre
2170 1595 2226 1611 non

1332 1641 1494 1662 cessar0n0,
1513 1641 1526 1656 e
1552 1633 1579 1656 la
1606 1632 1728 1656 seconda
1754 1632 1823 1661 fase,
1847 1632 1983 1656 descritta
2007 1632 2082 1655 nelle
2101 1632 2229 1655 testimo·

1335 1677 1433 1700 nianze
1453 1675 1498 1699 del
1521 1674 1587 1705 1184
1608 1674 1713 1705 (Aaou.
1734 1674 1848 1704 cmm,
1875 1674 2014 1703 I‘ilIarum,
2033 1672 2106 1701 I-IV,
2123 1673 2229 1696 Consel·

1335 1726 1376 1747 ve,
1397 1725 1423 1741 n.
1447 1724 1468 1741 1.
1507 1717 1553 1741 Cf.
1578 1717 1681 1746 Zosz,
1699 1720 1739 1747 op.
1766 1717 1820 1746 cit„
1847 1717 1921 1748 App.
1943 1716 1977 1748 1).
2003 1717 2090 1739 mette
2116 1716 2147 1738 in
2168 1715 2229 1738 luce

1335 1761 1362 1784 la
1382 1760 1525 1789 violenza,
1545 1760 1573 1782 in
1594 1759 1640 1782 cui
1661 1759 1688 1782 la
1712 1760 1827 1782 contesa
1852 1765 1898 1782 era
1924 1759 2102 1790 degenerata,
2126 1764 2181 1781 con
2201 1756 2229 1780 la

1335 1803 1514 1826 distruzione
1533 1801 1607 1825 delle
1621 1802 1771 1832 rispettive
1791 1801 1862 1824 torri
1877 1800 1987 1831 (Zonzx,
2003 1803 2044 1831 op.
2057 1801 2111 1829 cit„
2132 1807 2158 1831 p.
2181 1805 2228 1830 1²3

1336 1843 1397 1877 sg.).
1434 1844 1474 1868 La
1495 1845 1701 1871 controversia,
1728 1843 1874 1874 originaia
1900 1843 1934 1866 da
1961 1842 2066 1867 motivi
2092 1842 2230 1874 patrimo-

1337 1887 1409 1910 niali
1429 1895 1442 1910 e
1462 1886 1633 1918 degenerata
1653 1887 1682 1909 in
1703 1887 1758 1910 atti
1783 1887 1811 1910 di
1836 1883 1959 1914 ostilita,
1979 1885 2007 1908 su
2033 1885 2134 1908 risolta
2155 1884 2230 1908 forse

1337 1936 1391 1953 con
1413 1929 1433 1952 il
1454 1929 1583 1960 diploma
1613 1928 1789 1952 federiciano
1816 1927 1860 1952 del
1889 1928 1965 1959 1184,
1984 1928 2031 1959 qui
2058 1927 2228 1958 riprodotto,

1338 1978 1391 1994 con
1412 1971 1433 1994 11
1454 1971 1538 2002 quale
1557 1977 1644 1994 erano
1663 1971 1852 1994 riconosciuti
1880 1970 1889 1993 i
1915 1970 2009 1993 diritti
2036 1970 2066 1993 di
2090 1968 2229 2000 Iacopino

1338 2020 1422 2044 sopra
1442 2012 1451 2036 i
1470 2013 1535 2036 beni
1556 2013 1600 2036 dei
1621 2013 1656 2036 (la
1675 2012 1770 2036 Baone
1795 2020 1811 2036 a
1829 2012 1871 2036 lui
1892 2013 2041 2043 pervenuti
2068 2019 2145 2036 come
2165 2012 2230 2035 dote

1338 2056 1413 2079 della
1433 2056 1538 2086 moglie
1558 2055 1650 2078 Maria
1670 2055 1783 2087 (ZORZI,
1808 2059 1849 2087 op.
1876 2055 1930 2084 cit„
1956 2062 1982 2086 p.
2012 2060 2059 2086 153
2080 2053 2142 2086 sg.).
2177 2053 2229 2077 Re-

1337 2099 1453 2121 starono
1473 2098 1599 2121 tuttavla
1620 2099 1716 2129 aperte
1735 2097 1762 2121 le
1781 2097 1927 2129 questioni
1945 2104 1998 2121 con
2027 2097 2047 2120 il
2069 2103 2191 2120 vescovo
2217 2103 2230 2119 e

1338 2146 1391 2163 con
1415 2141 1423 2164 i
1444 2140 1578 2163 canonici
1601 2147 1650 2170 per
1675 2139 1830 2163 l'esercizio
1856 2140 1900 2163 dei
1927 2139 2020 2163 diritti
2047 2138 2231 2171 giurisdizio-

1340 2182 1399 2205 nali
1419 2189 1502 2213 sopra
1523 2182 1547 2205 le
1574 2184 1647 2206 terre
1674 2190 1687 2206 e
1707 2183 1736 2206 in
1763 2183 1923 2206 confronto
1949 2181 2024 2213 degli
2046 2181 2157 2205 uomini
2184 2180 2229 2204 dei

1339 2225 1467 2248 comitati
1489 2226 1694 2248 recentemente
1713 2226 1876 2256 acquistati,
1902 2226 1931 2248 in
1954 2227 2063 2255 quanto
2084 2224 2108 2248 si
2127 2224 2230 2248 ritene·

1339 2273 1415 2290 vano
1434 2266 1485 2290 lesi
1513 2268 1520 2290 i
1548 2267 1693 2298 rispettivi
1720 2267 1814 2290 diritti
1843 2266 2036 2295 immunitar13
2056 2274 2070 2290 e
2090 2267 2116 2290 le
2136 2267 2232 2290 conte-

1340 2309 1465 2332 stazioni
1485 2310 1507 2332 si
1524 2309 1740 2341 prolungarono
1755 2309 1842 2333 anche
1856 2311 1932 2333 sotto
1948 2309 1968 2333 il
1984 2315 2144 2333 successore
2157 2308 2232 2332 Mar-

1340 2351 1406 2374 silio
1425 2349 1533 2381 (Anca.
1555 2350 1668 2381 Cam-r„
1694 2351 1830 2382 PAnovA,
1861 2351 2002 2380 Villarmn,
2020 2350 2054 2374 T.
2074 2350 2135 2378 VII,
2155 2351 2229 2374 Per-

1340 2393 1436 2421 numia,
1458 2400 1485 2416 n.
1504 2400 1529 2423 9,
1552 2400 1591 2424 13.
1629 2393 1673 2418 Cf.
1695 2394 1796 2422 Zonzr,
1821 2397 1861 2424 op.
1888 2394 1944 2423 cit..
1964 2401 1989 2425 p.
2020 2399 2081 2424 147;
2104 2392 2231 2420 CnoLno.

1338 2434 1368 2459 S.
1389 2435 1511 2467 stefano,
1533 2443 1557 2466 p.
1578 2442 1610 2467 40
1631 2434 1695 2468 sg.):
1716 2434 1774 2459 cosi
1801 2436 1889 2460 anche
1910 2437 1940 2460 in
1960 2437 2063 2459 merito
2086 2435 2115 2459 al
2135 2436 2229 2459 diritti

1338 2477 1367 2500 di
1386 2477 1596 2508 giurisdizione
1617 2485 1630 2501 e
1657 2478 1685 2501 di
1712 2479 1935 2509 giuspatronato
1956 2479 1984 2501 in
2011 2478 2166 2501 consronto
2186 2476 2231 2501 del

1339 2522 1502 2543 monastero
1522 2520 1548 2543 di
1569 2520 1597 2544 S.
1616 2520 1735 2544 Stesano
1761 2520 1810 2552 (cs.
1831 2520 1961 2548 Caocno,
1987 2521 2015 2545 S.
2040 2520 2154 2544 stefano
2175 2521 2232 2550 cit„

1339 2569 1364 2592 p.
1386 2560 1418 2591 56
1439 2561 1518 2593 sgg.).
1556 2561 1620 2592 Egli
1643 2560 1723 2587 morl.
1743 2563 1869 2586 secondo
1888 2563 2080 2593 giustamente
2101 2564 2231 2586 constata

1338 2604 1359 2627 11
1382 2604 1492 2627 Ceoldo
1515 2604 1622 2634 (Albe-ro
1643 2605 1701 2634 cit„
1722 2613 1747 2636 p.
1770 2612 1799 2635 14
1824 2605 1877 2637 sg.)
1896 2607 1939 2629 tra
1953 2605 1974 2628 il
1995 2612 2010 2635 4
2030 2606 2133 2637 agosto
2155 2611 2232 2635 1190,

1338 2653 1444 2669 ancora
1465 2646 1588 2676 vivente,
1603 2646 1693 2677 (come
1714 2647 1817 2671 risulta
1832 2648 1866 2670 da
1880 2649 1956 2671 carta
1970 2647 2000 2670 di
2019 2647 2098 2671 detto
2112 2647 2230 2677 giorno:

1341 2689 1523 2719 “predictam
1550 2689 1748 2713 venditionem
1780 2689 1927 2713 defensare
1953 2692 1979 2713 et
2011 2690 2167 2713 warentare
2198 2690 2231 2713 ab

1341 2732 1352 2741 ‘¹
1366 2730 1444 2754 omni
1464 2731 1581 2754 homine
1600 2731 1764 2763 specialiter
1784 2739 1799 2754 a
1819 2731 1956 2754 Iacobino
1970 2731 2004 2754 de
2025 2730 2157 2755 Carraria
2168 2729 2196 2762 ,,)
2218 2739 2231 2755 e

1341 2773 1360 2796 il
1388 2779 1419 2804 27
1447 2772 1540 2804 luglio
1564 2780 1640 2805 1191,
1666 2773 1711 2796 nel
1731 2774 1796 2804 qual
1815 2774 1920 2805 giorno
1940 2780 2045 2805 appare
2070 2771 2117 2804 gia
2138 2775 2231 2797 morto

1339 2814 1508 2846 (ffdominus
1524 2815 1671 2838 Marsilius
1690 2816 1859 2846 quondam
1878 2815 1988 2839 domini
2002 2815 2128 2839 lacobini
2142 2834 2165 2846 „.
2186 2814 2231 2840 Cf.

1338 2854 1388 2889 pin
1403 2858 1510 2884 avanti,
1526 2856 1572 2883 M.
1587 2858 1639 2887 23),
1663 2857 1810 2881 lasciando
1831 2857 1858 2880 la
1879 2857 1995 2888 propria
2015 2854 2123 2881 eredita
2143 2865 2157 2881 a
2171 2857 2231 2881 cln-

1339 2906 1391 2930 que
1411 2898 1478 2929 figli.
1499 2899 1640 2929 Marsilio,
1660 2899 1821 2927 Albertino,
1841 2899 2021 2929 Pieroconte,
2042 2899 2204 2931 Uguccione
2217 2907 2232 2924 e

1340 2941 1487 2972 Iacopino.

2254 690 2286 716 10

2258 1283 2300 1314 20

2256 1678 2291 1703 40

2260 1890 2291 1916 45

2259 2099 2292 2125 50

2260 2312 2291 2338 55
