2346 3597
29 791 60 818 10

35 1013 65 1040 15

38 1705 73 1731 30

36 1927 69 1954 35

51 2735 80 2752 [Ο

54 2943 81 2965 ¹5

429 160 601 197 GESTA
630 156 935 194 MAGNIFICA
965 155 1154 191 DOMUS
1184 154 1579 190 CARRARIENSIS

167 296 220 326 21.
237 295 314 337 [10].
339 312 381 317 ——
397 294 524 325 Forma
540 291 598 323 del
614 289 796 333 privilegio
820 290 867 322 da
890 289 977 320 l’itn-

79 349 230 392 perador
242 347 416 390 Federigo
431 345 637 378 concedudo
655 354 674 375 a
689 342 813 375 mesier
826 342 979 375 Iacomin

72 403 127 434 -da
149 402 299 434 Carrara
314 400 367 432 sul
389 400 478 432 fatto
495 397 572 431 dela
588 395 746 429 heredita
769 395 813 428 de
830 395 980 427 madona

81 455 203 492 Maria,
225 464 286 486 soa
308 453 436 485 moiere
459 457 494 484 et
519 450 599 483 fiola
623 449 689 481 che
721 449 757 481 fo
789 449 834 481 de
867 458 980 480 meser

1852 154 1919 192 175

1118 289 1170 319 21.
1195 286 1274 328 [10].
1291 304 1332 308 —-
1350 286 1576 328 privilegium
1591 287 1702 318 eidem
1717 286 1857 318 domino
1874 286 1926 317 Ia-

1029 340 1155 373 cobino
1179 340 1223 372 de
1247 339 1409 372 Carraria
1432 338 1477 370 ab
1500 339 1710 379 imperatore
1744 341 1770 371 F
1774 339 1926 371 riderico

1031 393 1203 425 indultum
1216 403 1320 434 super
1336 392 1534 424 hereditate
1546 392 1686 423 domine
1704 391 1829 430 Made,
1846 402 1929 423 uxo-

1033 448 1091 485 ris,
1115 447 1185 478 filie
1216 446 1390 489 quondam
1416 444 1546 477 domini
1571 443 1708 476 Alberti
1733 444 1775 477 de
1801 445 1929 476 Baone.

81 507 228 540 Alberto
252 507 297 538 da
319 505 438 538 Baone
454 505 473 537 ¹.

174 614 344 645 Fridericus,
364 613 419 637 Del
437 612 534 644 gracia
552 611 746 635 Romanorum
767 611 922 644 imperator
941 610 1087 641 augustus.
1119 608 1300 632 Excellencia
1320 606 1479 638 imperialis
1498 613 1558 629 eam
1574 606 1648 629 circa
1662 605 1756 629 fideles
1777 614 1841 629 suos
1855 607 1931 630 beni—

87 659 225 691 gnit'atem
240 659 341 683 habere
352 658 512 686 consuevit,
525 658 568 680 uti
583 656 745 688 petencium
760 655 909 679 desideriis
923 654 1045 678 libenter
1060 654 1199 680 occurrat,
1213 659 1244 675 ea
1258 651 1319 674 sine
1334 650 1506 674 difficultate
1519 650 1684 678 concedens,
1698 657 1750 680 que
1771 651 1841 673 iuris
1856 651 1932 674 racio

88 705 178 728 dictat
198 704 242 728 vel
262 704 421 727 honestatis
441 703 585 733 respectus
605 701 704 725 suadet
718 699 843 724 admitti.
870 699 978 724 Fidelis
992 697 1134 729 siquidem
1147 698 1244 721 noster
1256 695 1408 719 Iacobinus
1423 695 1457 719 de
1471 694 1613 723 Carraria,
1627 702 1688 718 cum
1703 694 1833 724 Mariam,
1848 695 1934 718 filiam

90 749 203 772 Alberti
223 747 257 772 de
275 748 378 775 Baone,
398 747 513 770 haberet
531 752 659 775 uxorem,
679 745 841 776 postulavit
861 745 892 768 ut
906 750 947 771 ea,
962 750 1013 774 que
1026 741 1062 765 ad
1077 742 1170 774 ipsum
1191 741 1306 764 nomine
1326 741 1425 763 uxoris
1445 740 1568 763 transire
1589 739 1730 767 deberent,
1751 741 1848 763 nostra
1869 747 1934 762 con-

91 793 218 817 cessione
238 800 253 816 a
273 792 356 815 nobis
380 791 532 815 obtineret.
570 790 630 814 Nos
651 791 748 821 igitur,
767 789 848 813 fidem
868 788 928 812 eius
943 788 970 811 et
985 787 1088 811 devota
1108 785 1253 816 obsequia,
1275 784 1376 816 quibus
1396 784 1480 808 nobis
1499 786 1527 807 et
1548 784 1667 815 imperio
1689 784 1792 815 iugiter
1813 784 1935 807 deservi-

90 837 142 866 vit,
162 836 356 869 respicientes,
376 835 530 867 postulata,
550 836 688 865 quantum
702 840 754 858 nos
769 834 835 857 dare
853 834 881 856 et
895 832 957 864 ipse
971 831 1004 855 de
1024 832 1084 854 iure
1099 831 1194 861 posset
1207 830 1344 861 accipere,
1359 829 1560 858 concessimu3‚
1574 830 1602 851 et
1616 829 1679 859 ipso
1693 828 1829 852 beneficio
1844 830 1936 859 preter

93 882 151 905 alia
169 881 231 905 eius
250 880 335 905 feuda
354 887 416 904 eum
438 881 618 904 investimus.
654 878 689 902 Et
709 880 741 902 ut
760 879 814 902 hoc
833 875 1016 901 auctoritatis
1037 876 1134 898 nostre
1154 874 1260 898 sactum
1281 876 1373 897 ratum
1387 873 1532 901 habeatur,
1547 874 1704 904 presentem
1720 872 1786 896 inde
1800 872 1934 904 paginam

93 926 236 951 conscribi
259 926 377 949 fecimus
397 926 424 948 et
444 925 635 956 impressione
654 923 746 947 nostri
767 921 858 953 sigilli
880 919 1062 945 communiri.

182 970 282 994 Testes
304 969 464 997 Conradus,
486 968 641 992 lubicensis
669 967 784 996 electus,
806 964 1010 992 &Villehelmuffi
1030 964 1154 987 astensis
1172 964 1332 995 episcopus,
1352 963 1488 994 magister
1514 961 1666 992 Rodulfus,
1691 961 1849 992 imperialis
1869 961 1934 984 aule

97 1015 345 1046 prothonotarius‚
365 1014 534 1043 Fridericus,
555 1012 718 1045 prepositus
732 1010 828 1034 Sancti
850 1009 958 1033 Thome
978 1009 1007 1032 in
1023 1007 1194 1039 Argentina,
1214 1006 1358 1031 Rodulfus
1372 1006 1553 1036 camerarius,
1567 1005 1709 1030 Fulconus
1723 1006 1756 1029 de
1770 1005 1938 1034 Lindinare,

95 1060 235 1084 Henricus
255 1058 427 1083 camerarius
449 1057 482 1081 de
502 1057 682 1087 Emeringen‚
701 1054 802 1079 Sacius
822 1054 854 1077 de
874 1053 979 1084 Padua,
1001 1054 1028 1076 et
1047 1052 1102 1076 alii
1122 1051 1311 1083 quamplures,

186 1104 261 1128 Data
279 1103 377 1135 Papie,
398 1110 474 1126 anno
494 1101 638 1126 dominice
657 1099 873 1123 incarnacionis
895 1098 1051 1122 millesimo
1071 1098 1227 1121 centesimo
1249 1097 1442 1127 octuagesimo
1457 1097 1567 1127 quarto,
1580 1096 1728 1120 indicione
1745 1096 1844 1124 tercia,
1857 1097 1938 1118 sexto

98 1149 162 1172 idus
181 1148 320 1172 octubris.

186 1220 246 1251 Ego
266 1219 440 1247 Anthonius,
458 1217 544 1240 iudex
565 1216 778 1248 infrascriptuS,
800 1221 843 1239 me
861 1215 1017 1246 subscripsi

187 1265 248 1296 Ego
266 1264 395 1291 Ioannes,
416 1262 546 1285 notarius
567 1262 649 1285 testis
668 1263 696 1285 et
715 1262 811 1285 socius
832 1260 1045 1291 infrascriptus,
1066 1259 1265 1283 insinuacioni
1285 1260 1311 1282 et
1332 1257 1528 1290 publicacioni
1548 1257 1721 1288 exemplaris
1741 1257 1863 1288 exempli
1878 1263 1937 1288 pre-

102 1309 181 1333 missi
200 1316 249 1340 per
267 1306 500 1331 Bartholameum
513 1305 605 1335 Pacis,
621 1306 765 1329 notarium
787 1304 1012 1336 infrascriptum,
1027 1311 1121 1327 coram
1135 1303 1323 1334 infrascripto
1338 1302 1433 1326 iudice
1448 1303 1530 1332 facte,
1544 1309 1659 1334 presens
1675 1301 1725 1328 fui,
1739 1300 1936 1332 postmodum·

100 1358 153 1385 que
171 1354 232 1384 ipsa
253 1352 406 1383 diligenter
426 1350 575 1379 ascultavi,
595 1353 623 1374 et
642 1352 710 1381 quia
730 1350 760 1374 in
776 1350 856 1374 nullo
870 1349 980 1373 differre
996 1349 1106 1377 inveni,
1121 1349 1156 1372 ad
1171 1348 1263 1380 ipsius
1276 1348 1400 1379 exempli
1414 1347 1527 1371 roboris
1541 1347 1702 1370 firmitatem
1719 1354 1760 1370 me
1774 1346 1938 1377 subscripsi.

186 1396 247 1427 Ego
266 1396 494 1424 Bartholomeus,
513 1395 590 1419 filius
605 1402 648 1419 ser
660 1395 742 1419 Pacis
764 1395 897 1426 hospitis,
911 1394 1059 1418 habitator
1072 1393 1169 1417 Padue
1183 1394 1211 1416 in
1227 1393 1374 1423 quarterio
1389 1391 1486 1420 Domi,
1499 1392 1664 1415 centenario
1677 1390 1775 1414 Sancti
1791 1389 1939 1414 Thomasii

100 1448 131 1465 ac
146 1441 293 1464 contracta
306 1440 406 1464 Sancti
426 1440 564 1464 Iohannis
585 1447 599 1463 a
621 1440 751 1469 navibus,
771 1439 845 1463 sacri
865 1438 970 1470 palacii
991 1438 1192 1470 imperialique
1213 1437 1386 1461 auctoritate
1406 1437 1536 1460 notarius
1555 1438 1583 1459 et
1602 1435 1744 1459 officialis
1763 1436 1889 1458 existens
1903 1433 1939 1457 ad

101 1485 209 1508 discum
228 1485 325 1513 Bovis,
343 1491 439 1508 coram
459 1484 578 1508 domino
597 1484 750 1507 Anthonio
771 1483 804 1507 de
825 1482 987 1511 Granfione,
1014 1482 1109 1506 iudice
1127 1483 1155 1505 et
1175 1481 1297 1505 officiali
1322 1480 1482 1505 communis
1508 1480 1602 1503 Padue
1626 1479 1661 1503 ad
1688 1480 1796 1503 dictum
1822 1479 1940 1506 discum,

101 1529 316 1561 ultrascriptum
334 1528 497 1560 exemplum
517 1536 551 1552 ex
571 1528 729 1560 privilegio
749 1527 860 1551 domini
880 1526 1033 1555 Friderici,
1061 1527 1114 1550 Dei
1138 1526 1233 1558 gracia
1257 1526 1453 1549 Romanorum
1478 1525 1670 1557 imperatoris,
1697 1531 1755 1547 non
1782 1523 1941 1547 cancellato

99 1581 149 1598 nec
169 1574 199 1598 in
220 1573 317 1605 aliqua
337 1573 381 1597 sui
401 1574 482 1605 parte
502 1573 619 1601 viciato,
640 1572 732 1605 ipsius
752 1572 865 1596 domini
886 1571 1071 1604 imperatoris
1092 1571 1185 1602 sigilli
1199 1570 1234 1594 ad
1249 1571 1344 1602 plures
1359 1569 1492 1593 cordulas
1511 1569 1552 1592 fili
1573 1570 1601 1592 et
1620 1569 1692 1592 varii
1708 1568 1818 1591 coloris
1839 1575 1943 1599 appen-

98 1620 180 1642 sione
193 1619 315 1647 munito,
328 1619 355 1642 et
375 1625 423 1649 per
439 1625 481 1641 me
496 1617 642 1641 notarium
663 1624 758 1641 coram
773 1617 853 1640 dicto
868 1616 963 1640 iudice
976 1618 1102 1644 ostenso,
1116 1615 1190 1639 lecto
1205 1619 1232 1639 et
1246 1615 1402 1646 publicato,
1417 1621 1448 1638 ac
1462 1621 1511 1645 per
1527 1615 1620 1645 ipsum
1634 1613 1791 1644 diligenter
1805 1614 1944 1643 inspecto,

99 1664 172 1687 iuris
191 1665 219 1687 et
238 1664 412 1687 statutorum
432 1662 592 1686 communis
611 1662 706 1686 Padue
726 1662 912 1685 solemnitate
932 1662 1054 1691 servata,
1075 1661 1235 1692 prefatique
1256 1660 1360 1683 iudicis
1384 1660 1463 1691 jussu
1489 1660 1516 1682 et
1536 1658 1720 1687 auctoritate,
1745 1656 1857 1688 aliquid
1884 1664 1941 1680 non

104 1707 211 1732 addens
231 1715 281 1731 nec
300 1707 472 1736 diminuens,
492 1713 541 1739 per
560 1706 636 1738 quod
660 1714 756 1730 sensus
784 1707 874 1738 ipsius
901 1705 1050 1737 privilegii
1077 1704 1244 1736 aliqualiter
1270 1705 1397 1728 varietur
1423 1703 1467 1728 vel
1493 1703 1640 1726 sentencia
1665 1703 1868 1730 commutetur,
1894 1701 1940 1725 sed

99 1753 201 1785 pocius
222 1753 312 1784 ipsius
332 1753 432 1776 tenore
451 1752 624 1776 verbotenus
643 1752 805 1779 observato,
825 1750 995 1782 transcripsi
1015 1752 1043 1773 et
1062 1749 1184 1773 fideliter
1204 1748 1375 1781 exemplavi,
1395 1747 1498 1776 Padue,
1514 1749 1543 1771 in
1558 1748 1672 1771 comuni
1694 1747 1816 1778 palacio,
1835 1746 1870 1769 ad
1885 1746 1943 1769 die-

99 1798 161 1821 tum
181 1797 298 1825 discum,
318 1804 394 1820 anno
415 1805 429 1820 a
450 1797 605 1820 nativitate
623 1796 744 1820 Domini
766 1795 920 1819 millesimo
941 1794 1142 1819 trecentesimo
1162 1794 1402 1825 quinquagesimo
1425 1792 1559 1820 secundo,
1580 1791 1744 1815 indictione
1767 1792 1877 1822 quinta,
1897 1790 1943 1813 die

100 1840 200 1866 martis
220 1841 332 1865 decimo
352 1841 458 1865 mensis
479 1842 615 1870 ianuarii,
637 1840 817 1873 presentibus
837 1839 955 1864 domino
976 1838 1097 1870 Angelo,
1119 1839 1262 1870 quondam
1284 1838 1395 1861 domini
1415 1837 1492 1861 Petri
1521 1837 1555 1860 de
1581 1836 1739 1864 candiana,
1759 1836 1792 1859 de
1811 1836 1942 1858 contrata

99 1885 203 1910 Sancte
222 1885 342 1916 Cecilie,
360 1886 477 1916 Ioanne,
497 1886 639 1917 quondam
653 1886 764 1909 domini
780 1885 876 1909 Iacobi
891 1884 925 1908 de
940 1883 1102 1910 Foscardis,
1116 1883 1149 1906 de
1163 1884 1293 1906 contrata
1307 1882 1403 1906 Sancti
1420 1881 1622 1909 Bartholamei,
1636 1883 1664 1904 et
1677 1880 1842 1909 Francisco,
1856 1887 1944 1910 quon-

101 1930 166 1954 dam
184 1938 228 1954 ser
246 1931 396 1955 Dominici
416 1939 431 1955 a
449 1930 523 1961 Sale,
542 1931 575 1954 de
594 1931 745 1954 contracta
765 1930 864 1954 Sancti
885 1928 1044 1957 Anthonii,
1066 1929 1191 1952 notariis
1210 1928 1244 1951 ad
1265 1927 1374 1951 dictum
1394 1927 1512 1954 discum,
1533 1927 1561 1949 et
1575 1925 1649 1949 aliis.

99 2017 162 2049 XI.
186 2036 228 2040 —
251 2019 380 2050 Alesier
405 2019 573 2057 Mamilio,
599 2018 766 2056 Albertzbz,
785 2018 996 2054 Pieroconte,

191 2071 346 2118 Ugupm,
376 2072 538 2109 Iacomin,
563 2071 715 2109 fradelli.

188 2161 242 2191 22.
265 2159 343 2201 [ll].
368 2178 409 2182 —
435 2160 526 2192 Fioli
541 2159 693 2192 succed'e
711 2159 742 2191 al
761 2159 997 2201 sovrascripto

101 2213 226 2245 mesier
254 2213 406 2245 Iacomin
438 2214 483 2245 da
515 2214 663 2245 Carrara
675 2212 698 2244 ².
744 2213 796 2245 De
828 2213 942 2255 questi
973 2222 998 2244 v

193 2348 199 2362 ¹
230 2348 274 2373 Cf.
305 2348 432 2376 Ceotno,
460 2349 571 2377 Albero,
598 2356 626 2380 p.
663 2356 709 2379 r4;
739 2349 838 2377 Zoazr,
868 2352 908 2378 op.
940 2349 995 2377 cit„

105 2399 130 2423 P·
154 2396 202 2422 153
222 2399 262 2423 sg-

192 2432 203 2448 ’Ξ
216 2433 270 2457 Dei
291 2433 392 2464 cinque
406 2431 467 2464 figli
481 2432 511 2456 di
525 2432 708 2457 Giacomino.
721 2433 748 2455 al
764 2434 908 2456 momento
921 2431 996 2456 della

106 2476 196 2498 morte
215 2475 261 2498 del
280 2475 377 2506 padre,
396 2474 459 2497 solo
480 2473 542 2504 due,
560 2473 692 2497 Marsilio
706 2481 720 2497 e
734 2473 898 2502 Albertino,
911 2481 997 2497 erano

106 2517 317 2548 maggiorenni‚
337 2518 444 2540 mentre
458 2516 499 2547 gli
515 2515 582 2539 altri
597 2517 650 2546 tre,
664 2515 846 2544 Pieroconte,
859 2515 998 2548 Uguccio-

107 2566 150 2586 ne,
165 2565 178 2581 e
192 2557 340 2590 Iacopino‚
354 2565 440 2581 erano
460 2559 538 2581 sotto
558 2558 586 2581 la
605 2556 696 2582 tutela
709 2557 785 2581 della
799 2557 895 2582 madre
909 2558 1000 2582 Maria

107 2600 142 2624 da
162 2601 266 2625 Baone.
305 2600 343 2624 Di
363 2601 416 2624 essi
438 2600 458 2624 il
480 2599 529 2632 pit:
544 2602 624 2629 noto,
635 2608 648 2624 e
663 2600 759 2631 quello
774 2599 824 2624 che
839 2600 907 2624 ebbe
920 2602 1000 2633 parte

108 2642 156 2675 piis
169 2643 313 2672 notevolc,
329 2643 357 2666 fu
373 2643 394 2666 il
409 2643 613 2675 primogenito,
625 2643 766 2673 Marsilio,
779 2643 807 2666 di
823 2644 867 2666 cui
882 2643 906 2667 si
920 2643 1000 2675 parla

109 2685 183 2716 negli
205 2686 291 2709 esami
312 2685 502 2709 testimoniali
524 2685 569 2709 del
591 2684 659 2716 1184
680 2685 786 2716 (ARCH.
805 2684 887 2715 CAR,
908 2685 1002 2709 PADo-

107 2734 155 2756 vn,
175 2728 271 2760 Perg„
291 2728 324 2752 T.
343 2727 390 2757 IV,
413 2729 549 2758 Conselve,
571 2736 598 2752 n.
621 2727 644 2758 1)
666 2735 680 2751 a
695 2729 849 2760 proposito
863 2728 1002 2752 dellalite

108 2777 162 2794 con
182 2771 192 2794 i
211 2771 245 2795 da
265 2771 370 2794 Baone.
408 2771 594 2802 Comparisce
614 2770 857 2794 nell’investitura
880 2777 954 2801 1191,
971 2776 1001 2801 27

109 2811 201 2843 luglio
220 2811 267 2843 (cf.
291 2814 357 2836 sott.
378 2812 425 2841 XI,
446 2813 499 2844 23),
519 2819 568 2844 per
586 2811 614 2836 se
634 2820 647 2836 e
663 2812 770 2836 fratelli
786 2813 814 2837 di
830 2814 905 2837 certa
920 2813 1004 2841 valle,

111 2860 124 2876 e
144 2853 289 2878 nell’altra
312 2861 388 2885 1192,
414 2862 448 2878 20
474 2855 600 2879 febbraio
627 2855 675 2885 (cf.
700 2856 778 2879 sotto
804 2854 850 2883 XI,
879 2853 931 2886 24),
958 2855 1003 2878 nel

111 2894 194 2925 quale
213 2895 283 2919 tutti
302 2896 312 2918 i
331 2896 441 2920 coeredi
463 2897 617 2920 investono
631 2896 777 2920 Zordanin
794 2896 822 2920 di
834 2896 961 2920 Viviano
975 2897 1002 2920 di

111 2938 187 2960 certe
205 2937 286 2961 terre.
322 2936 386 2969 Egli
407 2937 451 2961 col
471 2938 534 2962 solo
549 2938 665 2962 fratello
679 2938 764 2962 Piero
778 2937 871 2962 Conte
885 2937 1006 2962 eser-cito

1051 2016 1113 2048 XI.
1138 2034 1179 2039 -
1203 2015 1345 2047 Domina·
1369 2015 1555 2051 Mamilius,
1587 2013 1793 2053 Ato'crtinus,
1818 2013 1945 2043 Petrus

1141 2069 1268 2106 Comes,
1297 2069 1428 2110 Ugutio
1451 2071 1484 2098 ct
1511 2067 1692 2099 Iacobinus.

1140 2160 1191 2191 22.
1210 2156 1291 2199 [111.
1308 2175 1348 2179 ——
1366 2158 1505 2189 Fratres
1521 2156 1720 2197 supradicto
1734 2155 1876 2186 domino
1893 2154 1946 2186 Ia-

1052 2212 1179 2244 cobino
1203 2215 1443 2242 successerunt
1460 2214 1520 2241 etc.
1569 2209 1734 2240 continua
1750 2208 1891 2239 secondo
1914 2208 1946 2238 la

1052 2349 1058 2370 i
1080 2347 1177 2370 diritti
1198 2344 1432 2377 giurisdizionali
1454 2344 1483 2367 in
1499 2343 1659 2371 Permunia,
1674 2350 1754 2366 come
1767 2343 1947 2366 asseriscono

1051 2390 1061 2413 i
1080 2388 1230 2413 testimoni
1252 2387 1327 2411 nella
1349 2387 1401 2411 lite
1422 2393 1475 2410 con
1497 2387 1505 2409 i
1534 2386 1669 2409 canonici
1696 2385 1739 2409 del
1769 2392 1846 2416 1203,
1873 2384 1947 2408 nella

1051 2432 1134 2463 quale
1164 2432 1192 2454 fu
1221 2429 1372 2453 coinvolto
1401 2429 1506 2459 (Anca.
1537 2428 1619 2458 Cain,
1648 2428 1780 2455 ΡΑυονΛ,
1806 2428 1903 2458 Perg„
1928 2426 1948 2454 Ι,

1053 2474 1209 2502 Permunia,
1224 2479 1250 2496 n.
1269 2479 1307 2503 13.
1334 2471 1379 2495 Cf.
1393 2471 1500 2498 Zonm,
1515 2474 1555 2500 op.
1567 2471 1621 2497 cit..
1636 2477 1662 2501 p.
1680 2476 1743 2500 154;
1758 2469 1887 2499 emmo,
1901 2470 1949 2492 ΑΙ-

1053 2518 1123 2545 bero,
1143 2524 1169 2547 p.
1192 2519 1221 2545 17
1241 2523 1254 2538 e
1276 2513 1320 2545 25)
1366 2513 1537 2537 Pieroconte
1564 2513 1609 2536 nel
1636 2512 1777 2536 dicembre
1803 2511 1849 2535 del
1875 2517 1950 2542 1²04·

1053 2566 1099 2583 era
1120 2560 1221 2585 morto,
1241 2563 1320 2581 come
1341 2556 1443 2580 risulta
1457 2555 1705 2579 dall'investimra
1724 2562 1859 2578 concessa
1873 2553 1949 2577 dalla

1056 2602 1152 2625 madre
1178 2601 1268 2624 Maria
1672 2604 1723 2630 pro
1744 2597 1898 2621 Bonifacio
1924 2598 1951 2620 et

1056 2644 1067 2657 “
1082 2643 1216 2668 Alberico
1232 2641 1336 2671 Leone,
1352 2641 1505 2672 nepotibus
1519 2641 1578 2664 suis
1591 2658 1615 2670 m
1630 2640 1689 2671 figli
1706 2639 1733 2663 di
1750 2640 1833 2663 Piero
1848 2638 1950 2663 Conte.

1056 2686 1161 2717 (Aaou.
1191 2686 1360 2711 PAPAFAVA,
1390 2684 1454 2707 cod.
1481 2691 1506 2707 n.
1540 2690 1578 2714 14.
1617 2682 1662 2706 Cf.
1689 2682 1817 2712 Ceomo,
1842 2682 1952 2711 Albero,

1058 2736 1085 2760 p.
1109 2726 1160 2760 17).
1193 2728 1237 2751 Ma
1258 2734 1315 2750 non
1331 2734 1346 2749 a
1359 2727 1440 2757 guari
1456 2726 1531 2749 visse
1546 2732 1669 2758 neppure
1684 2724 1826 2755 Marsilio,
1842 2723 1950 2756 perche,

1059 2779 1086 2795 se
1113 2772 1190 2794 varie
1217 2776 1383 2801 pergamene
1407 2769 1561 2800 cap.'.·olari
1588 2768 1665 2799 negli
1693 2769 1761 2791 anni
1789 2768 1952 2796 successivi,

1062 2813 1137 2841 1206,
1163 2812 1178 2835 6
1200 2812 1298 2844 aprile,
1329 2810 1360 2834 16
1385 2812 1499 2843 maggio
1523 2811 1631 2842 (Perg.‚
1656 2810 1688 2833 T.
1715 2809 1775 2837 VII,
1804 2810 1830 2834 S.
1858 2810 1953 2833 Pietro

1068 2855 1218 2881 ῐῖηιίηανῐσ,
1239 2861 1266 2876 11.
1288 2860 1299 2876 2
1321 2860 1336 2876 e
1356 2851 1391 2883 3),
1413 2860 1446 2876 ne
1465 2852 1618 2876 ricordano
1633 2852 1801 2881 l'esistenza,
1818 2851 1862 2874 nel
1888 2850 1953 2874 1208

1061 2902 1164 2927 appare
1183 2893 1231 2927 gia
1251 2897 1344 2918 morto
1370 2895 1475 2924 (Ancn.
1501 2893 1581 2922 Cn..
1608 2893 1738 2923 ΡΛυονΑ,
1763 2894 1952 2921 Diversarum,

1061 2938 1094 2962 T.
1113 2937 1135 2965 l,
1157 2945 1182 2961 n.
1203 2935 1416 2968 45)‚lnsciando
1437 2937 1489 2959 due
1509 2935 1578 2967 figli,
1598 2934 1737 2959 Giacomo
1757 2943 1770 2958 e
1790 2934 1954 2958 Albertino.

1298 2598 1427 2623 “tutoris
1456 2598 1572 2622 nomine
1584 2617 1589 2622 .
1600 2614 1606 2621 .
1618 2616 1624 2621 .
1637 2616 1642 2621 .

1979 2518 2012 2535 20

1981 2730 2011 2755 25

1982 2940 2015 2966 30
