2346 3597
46 476 61 502 5

28 792 59 818 10

23 1012 54 1039 15

16 1844 52 1871 30

15 2068 50 2095 35

16 2290 50 2316 40

16 2514 49 2539 45

15 2779 50 2806 50

446 168 618 204 GESTA
646 167 949 203 MAGNIFICA
977 167 1161 203 DOMUS
1191 168 1588 204 CARRARIENSIS
1866 171 1931 210 171

92 301 212 329 duanus,
234 302 388 325 investivit
407 301 569 324 Marsllium
589 301 623 324 de
643 302 736 324 castro
756 299 899 330 Carrarie,
920 301 1108 331 nominative,
1134 307 1168 324 ex
1182 301 1246 324 toto
1261 300 1355 327 feudo.
1375 301 1450 331 quod
1471 301 1555 324 babet
1569 302 1602 325 ab
1616 303 1783 334 episcopatu
1799 304 1939 333 paduano,

93 353 125 369 ea
144 346 339 369 conventione
356 346 384 369 et
402 352 436 369 eo
458 346 552 377 pacto,
573 346 612 373 ut,
634 345 768 376 quamdiu
789 345 906 368 masculi
928 344 1046 374 fuerint,
1065 344 1121 377 ipsi
1143 344 1296 368 succedant
1316 346 1346 368 in
1373 345 1466 373 feudo,
1492 348 1520 368 et
1546 345 1571 369 sl
1591 353 1687 369 omncs
1716 347 1833 370 masculi
1858 348 1939 371 rebus

87 390 224 414 «humanis
244 390 352 414 fuerint
371 390 504 422 exempti,
524 389 626 413 deinde
645 389 750 412 semine
771 389 800 412 in
822 389 951 420 predicto
977 389 1090 420 pheudo
1111 390 1271 413 succedant.

183 434 287 458 Actum
307 435 338 457 in
356 433 461 462 Padua,
482 435 512 457 in
533 433 643 466 capella
663 433 799 465 episcopi,
820 433 953 457 feliciter.
992 433 1078 457 Anno
1099 433 1220 457 Domini
1247 433 1401 457 millesimo
1428 435 1585 458 centesimo
1608 435 1824 466 quadragesimo
1852 443 1939 464 nono,

96 478 244 502 indicione
264 478 440 502 duodecima.

182 523 209 547 S.
230 524 267 547 Ν.
285 523 346 555 Ego
365 522 502 552 Falerius,
524 522 654 546 notarius
673 522 757 552 atque
777 522 947 552 causidicus,
967 522 1084 546 interfui
1107 524 1134 546 et
1153 522 1202 546 hec
1221 523 1299 555 jussu
1319 523 1448 554 episcopi
1468 523 1571 554 scripsi

180 618 208 643 S.
230 619 264 642 N.
300 617 332 640 In
353 618 469 641 nornine
487 617 614 645 Domini,
635 617 789 641 millesimo
809 618 965 641 centesimo
987 619 1174 649 nonagesimo
1202 621 1315 646 octavo,
1341 618 1489 642 indicione
1516 619 1617 650 prima,
1644 619 1688 642 die
1715 626 1791 642 nono
1817 621 1942 643 intrant(-

90 663 204 691 martio,
224 669 277 693 ego
297 662 426 692 ubertus,
448 662 523 693 regis
542 661 660 685 Henrici
681 662 819 690 notarius,
839 662 893 685 hoc
913 661 1074 694 exemplum
1093 670 1127 685 ex
1148 662 1315 686 authentico
1337 664 1442 694 sumpsi
1464 664 1491 686 et
1511 663 1646 690 relevavi,
1668 663 1741 686 nihil
1762 664 1869 686 addens
1897 665 1938 687 vel

90 707 219 731 minuens
236 707 372 738 quantum
394 706 428 730 ad
449 707 625 730 sentenciam
646 707 792 737 pertinens

178 794 237 826 Ego
256 793 376 826 Ugucio,
395 794 483 818 iudex
503 795 718 827 infrascriptus,
740 795 894 826 subscripsi

174 839 235 870 Ego
254 839 376 863 Ioannes
396 839 430 862 de
449 839 588 869 Tribano,
606 841 690 863 testis
709 842 735 864 et
755 841 848 863 socius
868 839 1078 870 ultrascriptus,
1099 847 1141 862 me
1161 839 1316 871 subscripsi
1335 841 1363 863 et
1382 840 1521 863 ascultavi

173 884 201 908 S.
223 884 258 907 ΛΓ.
277 883 338 915 Ego
358 883 526 912 Bernardus,
540 883 611 908 olim
627 883 738 907 domini
752 883 828 907 Petri
842 883 947 916 judicis
961 883 994 907 de
1014 883 1137 908 Casellis
1151 882 1234 911 filius,
1250 885 1322 907 civis
1337 883 1494 916 paduanus,
1509 885 1640 908 notarius
1655 885 1865 917 ultrascriptus,
1879 887 1936 909 exi-

88 929 165 951 stens
179 929 207 950 in
228 927 321 951 officio
340 927 538 960 ultrascripto,
556 935 654 951 coram
668 928 780 959 prefato
793 927 898 961 judice,
919 927 1099 959 presentibus
1119 929 1330 958 prenominatis
1351 929 1469 952 testibus
1491 930 1613 952 notariis
1633 931 1661 952 et
1680 929 1766 952 sociis
1781 929 1814 953 ad
1829 930 1935 953 discum

87 972 220 995 Grifonis
233 974 261 996 et
275 973 350 1002 aliis,
371 972 441 996 dicti
458 972 562 996 iudicis
577 973 655 1005 jussu
669 974 697 997 et
710 974 888 1001 auttoritate,
909 974 1081 996 statutorum
1096 973 1225 996 comunis
1245 972 1340 996 Padue
1359 972 1542 997 solemnitate
1556 975 1583 996 et
1599 973 1688 996 forma
1709 975 1830 1002 servata,
1850 975 1938 998 ultra-

85 1016 223 1047 scriptum
243 1017 464 1040 instrumentum
484 1023 533 1048 per
552 1016 682 1040 Falerum
703 1017 858 1047 notarium,
876 1023 911 1040 ex
929 1015 1096 1040 authentico
1116 1015 1296 1047 ultrascripti
1317 1016 1407 1039 Faleri
1425 1016 1532 1039 notarii
1554 1023 1602 1048 per
1623 1016 1837 1048 ultrascriptum
1852 1017 1938 1041 Uber-

84 1062 145 1084 tum
165 1061 308 1084 notarium
328 1061 528 1092 exemplatum,
548 1060 670 1084 fideliter
689 1060 849 1094 exemplavi
870 1062 1010 1092 signoque
1024 1068 1085 1084 meo
1100 1061 1189 1084 solito
1209 1061 1355 1091 roboravi,
1376 1060 1417 1084 nil
1434 1062 1462 1084 in
1478 1068 1510 1085 eo
1524 1061 1630 1084 addens
1648 1061 1689 1085 vel
1706 1063 1846 1091 minuens,
1860 1062 1935 1093 quod

85 1106 258 1129 sentenciam
280 1107 376 1134 mutet,
397 1107 527 1130 currente
554 1112 630 1129 anno
656 1105 778 1129 Domini
805 1104 960 1129 millesimo
987 1106 1187 1129 trecentesimo
1213 1106 1460 1137 quinquagesimo,
1488 1106 1637 1129 indicione
1662 1107 1761 1135 tercia,
1787 1106 1831 1130 die
1860 1107 1935 1130 iovis

85 1150 225 1182 vigesimo
245 1151 338 1182 primo
358 1150 496 1180 octobris,
517 1150 655 1181 regimine
683 1149 841 1174 antedicto.

174 1246 223 1278 18.
247 1245 304 1288 [8]-
327 1263 368 1269 —
392 1246 519 1278 Forma
548 1245 727 1289 privilegii
751 1257 771 1277 a
795 1245 978 1284 Federico,
1127 1247 1174 1278 18.
1199 1246 1255 1288 [8].
1280 1265 1320 1269 -
1346 1247 1471 1279 Forma
1496 1247 1669 1290 privilegii
1694 1258 1713 1278 a
1744 1247 1934 1285 Friderico,

80 1300 315 1332 Romanorum
343 1299 551 1341 imperatore
582 1304 740 1342 augusto,
771 1299 980 1331 concedudo
1034 1300 1270 1332 Romanorum
1293 1301 1501 1342 imperatore
1524 1306 1683 1343 augusto,
1698 1301 1936 1342 suprascripto

80 1352 112 1383 al
135 1352 367 1394 sovrascripto
391 1351 548 1384 Marsilio
572 1352 631 1384 del
659 1352 805 1384 castello
828 1353 872 1384 de
896 1352 982 1385 Car-
1034 1352 1190 1385 Marsilio
1215 1353 1258 1384 de
1283 1359 1396 1385 castro
1428 1353 1589 1385 Carrarie
1620 1354 1689 1385 suis
1721 1360 1754 1385 et
1784 1354 1936 1395 paternis

80 1415 158 1437 rara
175 1415 236 1448 per
252 1406 263 1437 i
280 1405 393 1437 meriti
409 1405 458 1437 soi
478 1411 514 1438 et
528 1406 635 1449 quelli
651 1406 696 1438 de
713 1415 751 1437 so
768 1416 864 1447 pare,
881 1416 980 1438 como
1035 1405 1168 1437 meritis
1191 1405 1330 1444 indulti,
1354 1412 1391 1438 ut
1413 1412 1507 1448 patet
1531 1406 1587 1438 hic
1611 1406 1715 1439 infra.

79 1469 116 1491 se
139 1459 218 1501 lege
242 1469 309 1501 qua
337 1459 395 1501 giu
419 1459 463 1491 de
487 1464 596 1491 socto.

169 1576 201 1600 In
216 1576 334 1600 nomine
348 1577 444 1600 sancte
457 1577 485 1600 et
498 1575 652 1600 individue
672 1576 840 1607 Trinitatis,
858 1576 1034 1605 Fredericus‚
1049 1578 1151 1601 divina
1167 1578 1281 1601 favente
1296 1577 1450 1601 clemencia
1463 1577 1658 1601 Romanorum
1672 1579 1828 1609 imperator
1848 1585 1934 1610 augu-

84 1623 152 1646 stus.
191 1620 263 1646 Cum
283 1622 426 1645 universis
446 1622 562 1652 imperii
582 1621 675 1645 nostri
694 1621 822 1645 fidelibus
842 1622 955 1653 signum
975 1621 1129 1645 clemencie
1148 1621 1307 1653 imperialis
1327 1622 1387 1645 iure
1407 1622 1440 1645 ad
1462 1621 1581 1645 salutem
1601 1622 1750 1646 debeamus
1775 1623 1934 1650 ostendere,

82 1666 206 1690 maxime
224 1668 319 1690 tamen
339 1665 374 1690 ad
395 1666 568 1690 domesticos
588 1665 661 1694 fidei,
682 1666 714 1690 in
734 1673 852 1697 quorum
872 1667 933 1690 vita
953 1668 981 1690 et
1000 1668 1090 1690 morte
1110 1665 1275 1690 fidelitatem
1295 1668 1323 1690 et
1342 1667 1540 1690 constanciam
1562 1667 1753 1698 probavimus,
1773 1667 1931 1699 patrocinii

83 1712 175 1735 nostri
193 1711 337 1735 dexteram
358 1710 473 1735 extendi
493 1711 592 1735 debere
612 1717 764 1740 censemus,
785 1713 936 1744 eapropter
955 1713 1055 1736 notum
1077 1712 1196 1735 facimus
1211 1711 1342 1735 omnibus
1366 1711 1459 1735 nostri
1478 1712 1590 1743 imperii
1605 1711 1734 1735 fidelibus
1749 1713 1806 1735 tam
1830 1712 1933 1735 futuris

81 1764 165 1788 quam
183 1756 371 1789 presentibus,
392 1756 467 1788 quod
488 1763 539 1780 nos
558 1758 618 1780 tum
639 1764 690 1788 pro
719 1756 797 1781 fideli
823 1757 948 1780 servicio
973 1756 1109 1785 Marsilii,
1134 1758 1193 1780 tum
1220 1763 1269 1789 per
1296 1757 1460 1780 memoriam
1479 1757 1571 1788 patris
1591 1757 1659 1785 eius,
1678 1757 1726 1787 qui
1753 1756 1783 1780 in
1810 1757 1932 1780 servicio

80 1801 270 1825 antecessoris
289 1801 384 1825 nostri
401 1801 584 1832 imperatoris
602 1801 719 1824 Henrici
740 1802 906 1825 constanter
924 1802 952 1825 et
971 1801 1094 1825 fideliter
1115 1801 1196 1831 obiit,
1217 1801 1374 1833 petitiones
1388 1800 1512 1833 predicti
1525 1801 1617 1825 fidelis
1631 1801 1725 1825 nostrl
1739 1801 1863 1825 Marsilii
1879 1801 1932 1825 cle-

83 1847 191 1870 menter
209 1846 375 1870 admisimus
402 1846 550 1877 lpsumque
574 1844 738 1869 Mai-silium
764 1847 792 1869 et
817 1845 997 1874 Mathildam,
1016 1847 1076 1869 eius
1096 1847 1258 1877 cognatam,
1282 1853 1344 1869 cum
1370 1845 1498 1876 ipsorum
1523 1845 1684 1875 heredibus,
1709 1852 1780 1877 quos
1805 1846 1932 1878 legitime

80 1890 185 1915 habent
203 1890 249 1914 vel
267 1890 396 1914 habituri
416 1892 491 1918 sunt¹
511 1891 539 1914 et
558 1890 724 1921 specialiter
743 1891 874 1920 castrum,
897 1890 971 1921 quod
993 1892 1113 1914 vocatur
1133 1889 1275 1918 Carraria,
1290 1897 1351 1913 cum
1372 1890 1504 1914 omnibus
1518 1890 1639 1914 allodiIs
1652 1891 1679 1914 et
1693 1889 1836 1915 beneficiis
1851 1890 1930 1914 libel-

82 1936 173 1964 lariis,
191 1935 338 1967 precariis,
358 1936 386 1959 et
405 1942 466 1959 cum
487 1935 620 1959 omnibus
641 1935 721 1959 rebus
741 1935 896 1959 mobilibus
915 1937 944 1959 et
963 1935 1161 1963 inmobilibus,
1182 1936 1271 1958 servis
1297 1937 1323 1958 et
1350 1935 1474 1963 ancillis,
1500 1942 1553 1966 que
1574 1942 1649 1959 nunc
1670 1936 1742 1959 iuste
1761 1935 1866 1959 habent
1886 1936 1930 1958 vel

82 1980 299 2005 racionabiliter
317 1980 444 2004 habituri
465 1981 546 2008 sunt;
568 1981 684 2012 insuper
702 1981 792 2005 eciam
813 1981 1017 2005 monasterium
1037 1980 1136 2004 Sancti
1161 1979 1278 2004 Steffani
1301 1987 1363 2004 cum
1389 1981 1521 2004 omnibus
1547 1980 1637 2010 rebus,
1663 1987 1730 2012 quas
1759 1988 1834 2004 nunc
1859 1980 1931 2004 iuste

80 2026 165 2050 habet
182 2025 227 2049 vel
247 2026 278 2049 in
298 2025 425 2049 futurum
445 2024 544 2048 eodem
564 2025 649 2049 modo
670 2026 813 2056 acquirere
833 2025 950 2058 poterit,
970 2025 1001 2049 in
1022 2025 1218 2049 mundiburdii
1241 2025 1334 2048 nostri
1354 2025 1509 2049 tuicionem
1525 2025 1706 2056 suscepimus,
1726 2025 1779 2049 hac
1794 2025 1930 2049 videlicet

82 2070 266 2098 condicione,
285 2071 317 2094 ut
337 2069 434 2094 nullus
454 2069 592 2100 marchi0‚
612 2076 714 2100 comes,
734 2071 900 2099 vicecomes,
921 2070 1075 2094 scultacius
1095 2069 1141 2094 vel
1162 2069 1368 2098 vicedominus,
1387 2070 1535 2101 gastaldus
1556 2069 1600 2093 vel
1624 2070 1755 2098 decanus,
1778 2070 1820 2093 vel
1840 2070 1929 2093 eciam

81 2116 141 2146 ipse
159 2115 321 2147 episcopus,
340 2121 390 2139 eos
410 2114 543 2146 deinceps
564 2114 723 2143 molestare,
744 2115 914 2146 inquietare,
933 2115 1093 2145 disvestire,
1116 2115 1160 2138 vel
1182 2115 1215 2138 ad
1235 2115 1375 2146 palatium
1393 2115 1503 2138 trahere
1524 2115 1567 2138 vel
1588 2115 1719 2138 homines
1737 2121 1818 2146 super
1831 2121 1928 2138 eorum

80 2160 155 2184 bona
172 2160 336 2184 habitantes
356 2159 465 2188 audeat,
486 2159 531 2183 vel
551 2159 676 2191 aliquam
696 2159 841 2192 publicam
861 2160 1043 2184 exaccionem
1064 2160 1164 2184 facere.
1202 2160 1337 2183 Firmiter
1356 2159 1445 2183 eciam
1465 2160 1690 2192 precipimus,ut
1710 2160 1878 2183 molendina
1899 2160 1928 2182 in

79 2203 276 2236 [fluminibus],
295 2205 380 2228 terris
400 2204 516 2228 illorum
538 2204 743 2233 adiacentibus,
763 2204 884 2229 licenter
907 2204 1048 2229 edificent.
1084 2204 1113 2228 Si
1135 2205 1198 2236 quis
1217 2206 1311 2228 autem
1332 2204 1416 2228 huius
1437 2205 1527 2228 nostri
1550 2204 1747 2228 mundiburdii
1767 2205 1927 2236 preceptum

80 2249 241 2280 infregerit,
254 2250 327 2273 sciat
346 2256 374 2272 se
393 2248 619 2280 compositurum
633 2248 713 2272 mille
725 2249 815 2273 libras
829 2250 889 2273 auri
905 2249 1062 2281 purissimi,
1077 2249 1256 2273 medietatem
1271 2255 1378 2272 camere
1394 2250 1498 2278 nostre,
1517 2249 1695 2273 medietatem
1711 2249 1848 2280 predictis
1867 2248 1929 2271 fide-

81 2293 156 2317 libus
182 2293 288 2317 nostris
314 2292 444 2317 Marsilio
469 2295 498 2317 et
521 2292 661 2317 Mathilde
681 2300 835 2325 eorumque
859 2293 1012 2326 legittimis
1035 2294 1192 2317 heredibus.
1232 2292 1316 2321 Quod
1344 2294 1374 2317 ut
1401 2295 1495 2317 verius
1520 2301 1579 2317 esse
1604 2294 1743 2322 credatur,
1769 2294 1925 2325 presentem

78 2339 186 2361 cartam
199 2337 341 2361 conscribi
355 2339 382 2361 et
402 2337 501 2369 sigillo
522 2339 622 2361 nostro
643 2339 814 2362 communiri
830 2339 973 2363 iussimus.
1004 2339 1060 2362 Hec
1076 2340 1168 2362 autem
1183 2339 1281 2362 omnia
1301 2338 1465 2369 supradicta
1480 2338 1591 2369 prefato
1606 2337 1736 2361 Marsilio
1749 2340 1777 2361 et
1791 2338 1925 2362 Mathildi

81 2383 266 2415 ipsorumque
284 2382 434 2406 heredibus
454 2382 634 2406 concedimus
655 2384 682 2406 et
702 2382 909 2411 confirmamus,
928 2383 1008 2407 salva
1028 2390 1077 2416 per
1097 2383 1194 2407 onmia
1215 2383 1357 2413 imperiali
1379 2382 1494 2407 iusticia
1515 2390 1576 2406 cum
1598 2390 1648 2406 suo
1668 2383 1785 2407 honore.

166 2426 286 2459 Signum
305 2427 415 2451 domini
436 2426 565 2450 Federici
586 2425 646 2458 (M)
664 2427 863 2451 Romanorum
883 2428 1066 2460 Imperatoris
1094 2428 1291 2451 invictissimi.

167 2470 228 2503 Ego
248 2469 371 2502 Ulricus,
391 2470 588 2502 cancellarius,
608 2471 670 2494 vice
690 2470 811 2495 Renaldi
833 2472 1009 2496 coloniensis
1028 2471 1237 2504 archiepiscopi
1257 2473 1285 2495 et
1305 2471 1563 2501 archicancellarii,
1583 2472 1747 2503 recognovi.

169 2514 243 2539 Acta
261 2517 327 2540 sunt
346 2516 396 2539 hec
415 2523 492 2540 anno
512 2516 655 2539 dominice
674 2516 890 2540 incarnacionis
910 2518 940 2540 in
961 2516 1115 2541 millesimo
1130 2517 1284 2540 centesimo
1306 2517 1490 2548 sexagesimo,
1505 2516 1651 2540 indicione
1665 2518 1775 2544 octava,
1791 2518 1926 2547 regnante

79 2560 198 2584 domino
218 2560 374 2589 Friderico,
394 2560 589 2584 Romanorum
608 2560 781 2592 imperatore
801 2561 1052 2592 victoriosissimo,
1073 2569 1148 2585 anno
1168 2562 1247 2593 regni
1269 2562 1330 2584 eius
1351 2568 1438 2590 nono,
1457 2561 1573 2593 imperii
1593 2569 1660 2585 vero
1682 2563 1770 2592 sexto,
1794 2561 1924 2584 feliciter.

166 2604 232 2629 Dat.
251 2604 327 2637 apud
347 2606 464 2636 pontem
485 2604 656 2636 Tremulum,
679 2605 742 2629 idus
762 2606 889 2629 octubris

166 2693 227 2725 Ego
247 2691 272 2726 [*
286 2692 319 2725 ⁸],
341 2693 427 2718 iudex
446 2693 659 2726 infrascriptus‚
680 2701 722 2718 me
742 2695 898 2726 subscripsi

166 2738 226 2770 Ego
245 2738 395 2767 Iohannes,
415 2739 544 2762 notarius
564 2740 646 2763 testis
672 2746 703 2763 ac
724 2741 818 2763 socius
839 2739 1051 2771 infrascriptus,
1071 2741 1276 2771 antescriptuni
1297 2739 1455 2770 exemplum
1482 2747 1543 2763 cum
1571 2740 1661 2771 ipsius
1679 2739 1836 2770 exemplari
1856 2738 1922 2762 dili-

80 2783 178 2813 genter
197 2782 347 2813 ascultavi,
367 2784 395 2806 et
414 2784 481 2814 quia
501 2784 530 2807 in
552 2783 634 2807 nullo
654 2783 766 2807 differre
779 2783 888 2815 inveni,
902 2784 948 2807 sed
964 2785 1063 2815 pocius
1078 2785 1106 2807 in
1122 2784 1254 2807 omnibus
1274 2785 1300 2806 ct
1316 2791 1363 2814 per
1384 2790 1480 2807 omnia
1494 2784 1676 2813 concordare,
1690 2784 1723 2807 dc
1742 2783 1922 2814 infrascripti

81 2827 187 2851 iudicis
205 2828 340 2851 mandato
363 2835 406 2851 me
425 2828 590 2861 subscripsi.

169 2871 196 2895 S.
211 2871 245 2895 N.
259 2871 320 2903 Ego
334 2872 556 2903 Bertholameus,
566 2872 640 2896 filius
655 2880 699 2897 ser
713 2873 795 2897 Pacis
808 2873 941 2905 hospitis,
955 2873 1102 2897 habitator
1116 2873 1209 2896 Paduc
1221 2873 1248 2895 in
1262 2873 1408 2903 quarterio
1423 2872 1542 2904 [Dmnll.
1554 2874 1720 2896 centenario
1734 2874 1831 2896 Sancti
1847 2872 1918 2895 Tho-

82 2915 174 2944 masli,
192 2915 226 2939 (le
239 2916 386 2940 contracta
400 2915 498 2941 Sancti
514 2916 650 2941 Iohannis
665 2925 679 2940 a
695 2918 823 2948 navibus,
840 2919 913 2942 sacri
929 2917 1031 2949 palacii
1049 2917 1245 2949 imperialique
1265 2917 1436 2941 anctoritate
1452 2917 1581 2941 notarius
1601 2919 1628 2941 ct
1642 2917 1782 2945 officialis,
1797 2918 1921 2940 existens

81 2960 114 2983 ad
135 2959 243 2983 discum
263 2960 357 2991 Bovis,
379 2967 440 2984 cum
461 2962 590 2992 sapiente
611 2962 674 2986 viro
694 2962 812 2986 domino
833 2962 967 2987 Antonio
987 2962 1019 2986 dc
1040 2961 1203 2992 Granfione,
1224 2962 1317 2986 iudice
1336 2964 1365 2986 et
1384 2961 1498 2986 officiali
1521 2963 1553 2986 ad
1574 2962 1680 2986 dictum
1702 2962 1818 2990 discum,
1833 2962 1920 2985 ultra—
