2346 3597
400 302 451 328 ret,
471 306 554 331 quam
572 300 729 331 precariam
749 299 957 331 possessionem
978 299 1017 322 ibi
1040 300 1069 322 in
1090 299 1215 330 presenti
1236 298 1432 322 refutaverant
1446 299 1537 322 eidem
1551 297 1680 329 Albrico,
1694 299 1824 331 jubentes
1844 298 1870 322 ei
1885 306 1933 322 sua
1946 299 2120 325 auctoritate
2134 301 2242 325 intrare

396 346 534 368 tenutam.
571 343 607 367 Et
627 343 760 367 Albricus
783 344 838 367 Leo
860 344 900 367 ibi
920 343 1118 367 incontinenti
1141 343 1209 366 fecit
1231 343 1355 366 similem
1375 343 1469 366 datam
1490 344 1518 366 et
1536 343 1740 367 investituram
1761 343 1878 366 domino
1904 343 2006 367 Iacobo
2032 345 2059 367 et
2078 344 2242 376 Albertino,

398 390 458 412 eius
479 389 572 417 fratri,
592 388 625 411 de
645 388 724 411 omni
743 394 776 411 eo
795 388 871 419 quod
891 389 932 411 eis
952 387 1063 411 venerit
1084 387 1114 410 in
1135 389 1254 418 partem,
1267 388 1328 410 sive
1342 394 1390 417 per
1410 386 1556 410 dominum
1577 387 1751 411 Schinellam
1772 388 1799 410 et
1813 386 1956 419 Rogatum
1969 387 2075 411 eisdem
2095 389 2240 417 fratribus,

399 435 430 457 ut
449 433 555 456 dictum
576 434 626 462 est,
648 434 823 465 assignatum
844 433 908 461 suit,
928 432 1016 460 dedit,
1037 433 1129 459 cessit.
1156 431 1277 455 tradidit
1299 433 1381 462 atque
1402 431 1551 455 mandavit
1575 431 1680 455 eisdem
1708 431 1846 455 fratribus
1873 439 1955 455 omne
1979 433 2031 465 jus,
2059 433 2189 457 acciones
2214 437 2242 458 et

399 478 527 501 raciones
542 477 631 500 reales
644 478 671 500 ct
686 477 857 508 personales,
872 477 946 508 quod
967 478 995 500 et
1014 483 1083 509 quas
1102 476 1185 499 habet
1206 478 1233 499 et
1253 476 1375 499 habebat
1396 475 1440 498 vel
1459 475 1561 499 habere
1576 477 1670 508 posset
1684 476 1714 500 in
1734 476 1871 507 predictis
1890 476 1976 500 terris
1996 477 2057 500 sive
2070 477 2100 500 in
2115 479 2242 509 predicta
2273 476 2288 502 5

398 523 485 554 parte,
505 528 558 553 que
577 522 680 545 eisdem
703 521 838 545 fratribus
865 521 1010 552 assignata
1037 522 1087 548 est,
1108 521 1287 543 constituens
1311 526 1360 543 eos
1379 522 1579 557 procuratores
1598 522 1629 544 ut
1653 520 1683 543 in
1704 528 1762 544 rem
1788 527 1876 549 suam,
1901 522 1932 544 ut
1952 521 1993 545 ita
2012 523 2126 552 possint
2152 530 2241 554 agere,

398 567 553 589 convenire
567 567 594 589 et
607 565 727 593 causari,
742 566 977 596 quemadmodum
993 566 1051 596 ipse
1066 566 1185 596 poterat,
1204 566 1232 588 et
1252 565 1434 595 promittenS‚
1454 564 1590 595 quicquid
1610 564 1677 588 inde
1698 565 1825 593 fecerint,
1844 564 1954 588 firmum
1974 566 2002 589 et
2022 566 2112 589 ratum
2132 566 2243 590 habitu-

397 617 469 639 rum,
490 611 517 633 et
537 610 570 633 de
590 609 717 641 predicta
738 610 810 636 data,
834 610 1007 632 investitura
1025 610 1052 632 et
1067 610 1146 640 parte
1161 609 1292 641 precario
1307 615 1359 639 pro
1373 608 1414 631 eis
1428 608 1573 640 possidere
1587 609 1748 639 constituit,
1764 616 1846 639 quam
1860 610 2017 641 precariam
2032 611 2242 640 possessionem

398 655 439 678 ibi
459 654 657 678 incontinenti
676 654 822 678 refutavit.
842 654 940 677 iubens
959 661 1007 677 eos
1027 661 1076 677 sua
1096 654 1270 676 auctoritate
1291 653 1400 676 intrare
1419 654 1547 686 tenutam
1567 654 1594 676 et
1614 653 1830 685 possessionem.
1857 653 1892 677 Et
1906 654 1945 677 ibi
1961 654 1990 677 in
2005 655 2130 686 presenti
2145 655 2241 679 Albri-

398 706 445 722 cus
466 698 524 722 Leo
545 699 698 722 investivit
719 699 743 721 d.
759 698 900 728 Rogatum
921 698 956 721 ad
976 697 1092 721 seudum
1113 698 1174 720 sine
1193 696 1330 721 fidelitate
1351 698 1380 720 in
1402 696 1536 720 masculis
1555 698 1582 721 et
1602 697 1717 721 seminis
1737 697 1771 721 de
1791 705 1846 721 una
1861 699 1940 730 pecia
1954 699 2028 721 terra
2045 698 2152 730 viginti
2168 707 2240 723 carn-
2274 697 2306 724 10

399 750 507 774 porum,
519 750 571 774 que
582 743 656 775 jacet
671 744 745 766 inter
761 749 888 766 mansum
903 742 1002 774 Egidii
1022 742 1055 765 de
1075 741 1224 773 Yainanco
1244 744 1271 765 ct
1291 743 1395 765 terram
1415 741 1557 769 Adinelli,
1577 743 1604 764 et
1623 743 1646 765 si
1661 741 1726 774 plus
1741 742 1921 774 reperiretur,
1941 743 2016 773 quod
2037 743 2118 767 debet
2137 751 2196 767 esse
2217 745 2242 768 d.

398 787 512 819 Rogati,
538 788 565 810 et
590 787 624 810 de
650 794 698 810 sex
719 787 827 818 campis
846 787 878 810 in
898 787 987 810 Volta
1008 786 1159 809 Brandulfi
1181 787 1211 810 in
1233 785 1373 809 electione
1393 786 1484 817 ipsius
1505 785 1531 809 d.
1550 785 1669 816 Rogati,
1686 787 1714 809 et
1734 786 1768 809 de
1791 786 1979 817 quadraginta
2001 789 2108 819 campis
2128 795 2162 811 ex
2181 787 2242 812 alio

399 832 486 855 latere
506 831 581 862 apud
602 838 731 855 mansum
758 831 855 863 Egidii
875 831 907 854 de
928 831 1089 862 Vainanco,
1110 832 1137 854 et
1157 832 1180 854 si
1209 831 1249 854 ibi
1270 837 1325 854 non
1347 830 1528 862 reperiretur,
1553 830 1634 854 debet
1654 830 1780 862 accipere
1800 831 1873 865 alibi
1892 831 1922 854 in
1943 831 2086 855 eleccione
2105 832 2196 863 ipsius
2217 834 2242 857 d.

396 875 512 907 Rogati.
550 876 585 899 Et
607 876 758 899 investivit
779 875 806 899 d.
820 875 999 899 Leonardum
1014 875 1049 899 ad
1065 876 1177 898 seudum
1193 876 1253 898 sine
1267 875 1406 898 fidelitate
1420 875 1453 898 de
1467 876 1589 906 triginta
1603 875 1711 906 campis
1726 876 1755 898 in
1770 876 1919 899 territorio
1933 876 2024 906 Agne,
2037 883 2109 906 quos
2122 876 2243 901 habebat

398 929 412 944 a
433 921 457 944 d.
479 920 582 944 Iacobo
602 922 629 944 et
650 919 805 944 Albertino
825 920 856 943 in
878 920 1011 944 masculis
1031 921 1058 943 et
1078 920 1204 944 seminis.
1241 920 1277 943 Et
1295 920 1391 943 omnia
1412 920 1547 951 predicta,
1569 919 1722 943 secundum
1742 919 1816 950 quod
1837 920 1965 951 superius
1985 920 2100 951 legitur,
2120 921 2240 952 predicti
2277 920 2307 946 15

392 965 526 988 Albi-icus
545 964 603 988 Leo
622 966 649 988 et
668 964 847 992 Albertinus,
862 964 973 994 fratres,
991 965 1159 996 juraverunt
1179 965 1208 987 in
1230 966 1395 995 perpetuum
1415 964 1494 987 firma
1508 966 1535 987 et
1550 965 1610 987 rata
1625 963 1727 987 habere
1746 965 1773 987 et
1792 965 1887 987 tenere
1905 966 1933 988 et
1948 964 2027 988 nulla
2041 965 2156 989 racione
2176 973 2242 989 con-

398 1010 543 1033 travenire
564 1016 613 1032 nec
641 1009 761 1032 minoris
787 1010 883 1037 etatis,
909 1016 960 1032 nec
981 1009 1173 1041 decepeionis,
1195 1015 1244 1032 nec
1265 1009 1322 1032 alia
1342 1009 1438 1039 aliqua
1457 1009 1580 1032 racione.
1618 1007 1653 1031 Et
1673 1008 1713 1032 ibi
1733 1008 1763 1031 in
1791 1009 1915 1039 presenti
1942 1008 1968 1032 d.
1992 1009 2138 1033 Schinella
2164 1011 2190 1034 et
2216 1010 2242 1034 d.

398 1053 525 1086 Rogatus
543 1054 630 1086 judex
650 1055 834 1085 preceperunt
854 1055 894 1077 eis
915 1054 965 1077 sub
979 1054 1142 1085 supradicta
1157 1060 1229 1086 pena
1244 1053 1323 1076 mille
1338 1053 1513 1077 marcharum
1528 1054 1719 1084 argentarum,
1733 1054 1764 1076 ut
1779 1053 1808 1076 in
1824 1055 1990 1085 perpetuum
2004 1055 2103 1078 omnia
2115 1055 2243 1087 predicta

398 1099 519 1123 debeant
539 1099 688 1122 observare
707 1100 735 1121 et
754 1100 850 1122 tenere
869 1100 897 1122 et
918 1098 998 1122 nulla
1019 1099 1135 1122 racione
1155 1099 1182 1121 et
1202 1098 1353 1122 occasione
1373 1098 1470 1129 aliquo
1490 1098 1575 1121 modo
1602 1098 1811 1121 contravenire.
1848 1097 1884 1121 Et
1910 1099 1933 1121 si
1954 1099 2060 1130 aliquis
2081 1099 2126 1123 vel
2152 1099 2242 1131 aliqui

397 1143 516 1167 illorum
541 1143 775 1171 contrafecerint,
795 1144 826 1166 ut
844 1144 997 1166 teneantur
1017 1150 1116 1174 penam
1137 1143 1256 1171 solvere,
1276 1144 1303 1166 et
1324 1142 1531 1166 nichilominus
1551 1142 1679 1174 predicta
1700 1142 1848 1166 attendere
1873 1144 1901 1166 et
1920 1143 2082 1168 observare.
2273 1142 2308 1168 20

485 1188 559 1211 Acta
579 1188 693 1211 fuerunt
712 1188 809 1211 omnia
831 1188 859 1210 in
879 1187 985 1217 Padua,
1009 1188 1039 1210 in
1060 1187 1159 1219 majori
1182 1187 1311 1217 ecelesia,
1332 1189 1397 1211 ante
1416 1188 1529 1211 archam
1551 1187 1643 1210 sancti
1662 1187 1795 1211 Danielis

486 1231 545 1263 Ego
566 1231 697 1261 Ubertus,
716 1232 827 1255 domIni
848 1232 922 1263 regis
941 1231 1057 1255 Henrici
1079 1232 1249 1255 auctoritate
1270 1233 1395 1259 notario.
1415 1233 1514 1255 omnia
1534 1231 1698 1264 supradicta
1723 1232 1825 1264 scripsi
1845 1232 1982 1263 parabola
2001 1232 2197 1265 predictorum
2216 1235 2244 1257 et

398 1277 581 1301 corroboravi
601 1278 628 1300 et
648 1277 678 1300 in
699 1277 854 1300 concordia
874 1283 936 1300 cum
958 1276 1037 1300 dicto
1058 1277 1175 1300 notario

486 1365 545 1396 Ego
565 1365 711 1394 Nicolaus,
731 1365 817 1398 judex
837 1365 1050 1397 infrascriptus,
1071 1371 1113 1388 me
1132 1365 1289 1396 subscripsi

484 1409 544 1441 Ego
564 1409 725 1440 Rainerius,
745 1410 874 1433 notarius
893 1410 976 1433 testis
995 1410 1022 1433 et
1042 1410 1137 1433 socius
1158 1409 1370 1440 infrascriptus,
1391 1416 1433 1432 me
1454 1410 1609 1441 subscripsi
1629 1411 1658 1434 et
1677 1410 1818 1434 ascultavi
2275 1409 2308 1436 25

485 1454 514 1478 S.
534 1455 572 1478 AV.
589 1453 649 1485 Ego
669 1454 836 1482 Bernardus,
857 1454 928 1477 olim
949 1454 1061 1477 domini
1081 1454 1157 1477 Petri
1178 1453 1283 1486 judicis
1305 1453 1337 1477 de
1356 1452 1478 1477 Casellis
1498 1453 1582 1481 filius,
1603 1455 1676 1477 civis
1701 1455 1856 1486 paduanus,
1879 1455 2010 1478 notarius
2033 1455 2244 1487 ultrascriptus,

396 1498 520 1522 existens
542 1499 572 1522 in
592 1498 690 1522 officio
710 1499 908 1530 ulti-ascripto,
928 1506 1023 1522 coram
1043 1498 1156 1529 prefato
1176 1498 1280 1528 iudice,
1299 1499 1478 1530 presentibus
1497 1498 1638 1531 predictis
1657 1499 1777 1522 testibus
1798 1499 1922 1523 notarIis
1941 1501 1969 1523 et
1982 1499 2071 1523 sociis
2085 1499 2119 1523 ad
2135 1500 2244 1524 dietum

396 1543 505 1566 discum
524 1543 610 1566 Bovis
629 1544 657 1566 et
677 1543 754 1571 aliis,
774 1543 847 1567 dicti
868 1543 973 1567 iudicis
992 1544 1071 1576 jussu
1091 1545 1118 1566 et
1138 1544 1319 1571 auctoritate,
1340 1544 1516 1567 statutorum.
1527 1543 1658 1567 comunis
1679 1543 1773 1567 Padue
1786 1543 1970 1568 solemnitate
1983 1547 2010 1568 et
2027 1545 2118 1568 forma
2133 1546 2244 1569 servata

395 1588 620 1619 suprascriptum
640 1588 860 1612 instrumentum
882 1595 916 1611 ex
937 1588 1098 1612 auttentico
1119 1589 1307 1620 suprascripti
1328 1588 1429 1612 Uberti
1451 1589 1558 1612 notarii
1579 1587 1702 1612 fideliter
1721 1588 1881 1620 exemplavi
1908 1590 2048 1621 signoque
2068 1596 2130 1613 meo
2155 1589 2244 1613 solito

398 1632 543 1663 roboravi,
563 1632 605 1656 nil
626 1633 654 1656 in
675 1639 708 1656 eo
727 1632 834 1656 addens
855 1633 899 1656 vel
919 1634 1060 1662 minuens,
1083 1632 1158 1664 quod
1177 1634 1353 1656 sentenciam
1374 1634 1471 1661 mutet,
1492 1634 1622 1656 currente
1635 1640 1711 1656 anno
1727 1624 1846 1657 Domini
1867 1633 2022 1658 millesimo
2041 1634 2243 1658 trecentesimo
2273 1631 2308 1659 30

398 1677 643 1708 quinquagesimo,
661 1676 808 1701 indicione
828 1671 928 1706 tercia,
946 1677 992 1701 die
1010 1678 1088 1710 jovis
1107 1678 1209 1708 quarto
1229 1678 1333 1701 mensis
1354 1677 1525 1706 novembris,
1546 1678 1684 1709 regimine
1703 1677 1891 1709 ultrascripto

484 1771 537 1801 28.
555 1770 632 1811 [14].
648 1788 687 1792 -
703 1770 732 1801 E
750 1770 814 1801 m¹e
830 1770 928 1811 plasu
945 1771 1023 1802 nela
1036 1776 1198 1812 presente
1211 1781 1295 1802 ovra

394 1824 539 1855 inserite
570 1823 689 1865 alguni
723 1824 924 1866 magnifichi
963 1824 1050 1855 facti
1082 1823 1139 1855 del
1175 1833 1294 1855 sovra-

395 1876 526 1918 scripto
549 1877 676 1908 mesier
691 1876 842 1913 Iacomo,
859 1877 947 1909 tiolo
965 1877 1030 1908 che
1047 1877 1085 1908 fo
1102 1877 1146 1908 de
1170 1876 1295 1908 mesier

395 1930 552 1962 Marsilio
577 1930 621 1961 da
652 1929 810 1968 Carrara,
833 1931 990 1972 segondo
1015 1931 1080 1962 che
1104 1931 1139 1961 in
1162 1931 1196 1962 la
1219 1940 1295 1962 cro-
1347 1930 1431 1962 dicti
1455 1930 1588 1961 domini
1606 1929 1724 1962 iacobi
1742 1931 1787 1961 de
1803 1930 1968 1963 Carraria
1984 1936 2081 1973 gesta
2097 1933 2246 1972 quedam
2275 1932 2315 1963 35

395 1983 476 2015 nica
499 1994 535 2014 se
560 1983 637 2025 lege
663 1984 706 2014 de
731 1983 874 2026 Eccelin
900 1984 943 2015 da
967 1983 1116 2015 Roman.
1346 1983 1498 2014 inserere
1522 1983 1723 2025 magnifica,
1740 1989 1843 2024 prout
1859 1983 1894 2014 in
1911 1984 2054 2015 cronica
2071 1983 2247 2016 adinveni.

485 2035 618 2074 Questo
643 2037 768 2068 mesier
799 2036 937 2068 Iacomo
969 2037 1014 2068 da
1044 2036 1202 2074 Carrara,
1236 2037 1294 2068 del
1436 2036 1504 2067 Hic
1528 2037 1688 2068 dominus
1712 2035 1869 2075 Iacobus,
1894 2037 1947 2067 vir
1970 2037 2006 2068 in
2029 2038 2133 2069 armis
2163 2044 2248 2069 stre-

397 2090 498 2132 quale
522 2090 555 2121 io
579 2089 625 2122 ho
657 2090 699 2122 de
731 2100 833 2122 sovra
861 2090 957 2122 facto
985 2090 1158 2128 mencion,
1190 2090 1293 2122 homo
1347 2100 1434 2121 uuus
1465 2095 1500 2121 et
1531 2090 1655 2127 audax,
1686 2095 1854 2130 tempore,
1885 2101 1954 2133 quo
1988 2091 2172 2134 Eccelinus
2202 2092 2245 2123 de

395 2143 474 2174 nele
498 2153 591 2174 arme
614 2143 757 2185 egregio
782 2149 817 2174 et
847 2143 981 2184 ardicio,
1013 2143 1047 2174 al
1076 2149 1192 2184 tempo
1227 2144 1291 2174 che
1348 2143 1510 2174 Romano
1551 2147 1609 2173 etc.
1647 2142 1783 2183 [Cetera
1814 2143 1881 2182 (cc.
1914 2143 2031 2182 28-33)
2061 2149 2247 2186 sequuntur

394 2195 539 2238 Eccelin
565 2197 611 2227 da
634 2197 770 2228 Roman
803 2197 899 2238 quasi
930 2197 1071 2239 signore
1102 2207 1204 2228 sovra
1235 2207 1294 2228 era
1348 2200 1453 2238 prout
1475 2197 1511 2227 in
1533 2195 1566 2227 A
1590 2196 1657 2236 (cc.
1687 2196 1811 2237 14-19),
1834 2197 1944 2228 variis
1967 2197 2162 2229 lectionibus
2185 2197 2247 2229 ibi·
2274 2199 2316 2230 40

395 2250 449 2280 ale
474 2249 539 2280 cita
557 2250 602 2281 de
619 2249 783 2292 Vicenea,
801 2249 941 2288 Verona
958 2256 992 2282 et
1009 2250 1113 2287 Pava,
1138 2250 1293 2281 militava

1437 1771 1489 1802 28.
1506 1771 1586 1812 [14].
1603 1789 1645 1793 —
1662 1771 1711 1803 Ut
1727 1771 1834 1803 virtus
1850 1771 1978 1803 silentii
1993 1771 2154 1815 rubigine
2171 1782 2248 1804 cor-

1348 1823 1493 1860 roditur,
1511 1824 1560 1855 sic
1582 1824 1801 1866 promulgata
1816 1825 1853 1855 in
1869 1823 2048 1865 publicum
2067 1825 2248 1857 accrescit.

1347 1877 1402 1908 Ex
1417 1878 1486 1909 hoc
1500 1877 1605 1919 igitur
1619 1876 1752 1918 placuit
1767 1878 1922 1918 presenti
1945 1877 2114 1919 opusculo
2130 1889 2249 1920 supra-

1348 2250 1422 2280 dcm
1445 2249 1609 2290 exaratis]

396 2313 439 2334 ne
463 2302 643 2334 l’exercito
669 2303 712 2334 de
738 2303 909 2346 Federigo
933 2303 1166 2346 imperadore.
1202 2303 1243 2334 El
1268 2303 1348 2346 qual
1367 2303 1541 2344 Federigo
1558 2313 1600 2334 ne
1617 2302 1733 2334 l’anno
1750 2303 1808 2335 del
1823 2302 1971 2346 Signore
1987 2303 2080 2335 mille
2097 2304 2245 2337 dusento

396 2361 512 2386 trenta
535 2361 643 2396 septe,
668 2355 844 2387 habiando
868 2363 969 2398 posto
992 2356 1130 2387 assedio
1154 2367 1174 2387 a
1199 2356 1303 2393 Gudi,
1322 2355 1467 2387 castello
1484 2355 1543 2386 del
1560 2355 1731 2387 destretto
1748 2356 1792 2387 de
1810 2354 1967 2394 Mant0a‚
1985 2356 2019 2387 in
2036 2356 2070 2388 lo
2088 2356 2244 2389 exercito

395 2408 452 2440 del
476 2408 556 2449 qual
579 2408 801 2449 imperadore
834 2419 892 2439 era
926 2409 947 2439 li
979 2408 1195 2450 infrascripti
1221 2408 1328 2440 nobili
1353 2407 1460 2450 Acco,
1485 2409 1664 2440 marchese
1690 2409 1734 2440 de
1767 2409 1839 2445 Est,
1864 2409 1990 2440 mesier
2021 2409 2165 2452 Eccelin
2197 2410 2242 2442 da

394 2461 543 2502 Roman,
568 2461 599 2492 el
623 2462 857 2503 sovrascripto
890 2461 1015 2494 mesier
1045 2462 1182 2494 Iacomo
1215 2461 1258 2493 da
1290 2461 1438 2493 Carrara
1462 2467 1496 2493 et
1528 2461 1607 2492 altri
1639 2462 1739 2493 molti
1771 2461 1882 2493 nobili
1913 2468 1947 2493 et
1978 2463 2131 2505 magnati
2164 2463 2243 2494 dela
2267 2463 2308 2495 45

393 2513 516 2546 Marca
540 2514 734 2546 Tarvisana
759 2520 792 2546 et
816 2515 859 2546 de
877 2514 957 2546 altri
973 2515 1104 2557 luoghi,
1121 2522 1154 2546 et
1171 2515 1324 2557 vignudo
1349 2525 1367 2546 a
1392 2515 1512 2556 parole
1538 2525 1704 2557 corocose
1732 2515 1763 2546 el
1788 2515 1876 2547 ditto
1900 2515 2026 2547 mesier
2042 2516 2181 2548 Iacomo
2199 2516 2245 2548 da

396 2567 546 2599 Carrara
562 2567 617 2599 col
634 2567 867 2609 sovrascripto
891 2568 1017 2599 mesier
1041 2568 1216 2611 Eccelino,
1242 2567 1275 2597 el
1291 2567 1389 2599 dicto
1415 2567 1543 2598 mesier
1567 2568 1709 2599 Iacomo
1733 2567 1768 2599 in
1793 2569 1979 2610 presencia
2003 2567 2047 2600 de
2072 2568 2248 2610 l’impera-

394 2619 492 2657 dore,
515 2630 614 2662 meco
638 2620 795 2651 snudada
818 2621 852 2651 la
875 2621 996 2662 spada,
1013 2620 1108 2652 volse
1132 2621 1238 2652 ferire
1256 2621 1286 2651 el
1306 2620 1393 2651 ditto
1418 2620 1594 2663 Eccelino,
1619 2627 1653 2652 et
1678 2621 1766 2653 torsi
1790 2621 1856 2653 che
1874 2621 2035 2653 eciandio
2052 2622 2086 2653 lo
2103 2621 2244 2653 haveria

395 2672 519 2713 strido,
544 2683 599 2704 ma
623 2672 849 2714 l’imperador
871 2683 909 2705 se
933 2684 1016 2715 pose
1040 2673 1073 2704 in
1100 2684 1217 2716 meeco
1251 2679 1284 2705 et
1315 2674 1326 2704 i
1358 2673 1436 2704 ditti
1470 2674 1594 2705 mesier
1622 2674 1764 2705 Iacomo
1790 2680 1823 2705 et
1848 2673 1991 2717 Eccelin
2023 2673 2111 2715 parti
2142 2683 2244 2717 serica

396 2726 521 2769 alguna
545 2726 668 2758 offesa.
2267 2727 2308 2758 50

483 2824 524 2855 29
549 2823 628 2864 [15].
655 2841 693 2847 —
720 2823 849 2856 Driedo
874 2836 894 2856 a
918 2830 1037 2867 questo
1054 2836 1098 2857 no
1114 2824 1221 2856 molto
1245 2830 1374 2865 tempo,
1392 2824 1454 2866 coe
1472 2824 1587 2855 l’anno
1606 2824 1663 2855 del
1683 2824 1831 2866 Signore
1849 2824 1942 2855 mille
1961 2824 2111 2856 dusento
2131 2831 2245 2856 trenta

395 2882 487 2914 octo,
511 2876 670 2908 clamado
695 2876 781 2920 Aeo,
806 2878 984 2909 marchese
1009 2878 1052 2910 de
1076 2878 1146 2918 Est,
1171 2877 1325 2919 d'alguni
1349 2877 1456 2909 nobili
1476 2877 1622 2908 citadini
1639 2877 1683 2908 de
1702 2877 1808 2914 pava,
1825 2877 1890 2908 che
1908 2877 2060 2920 viguisse
2080 2888 2099 2909 a
2118 2877 2245 2910 liberar

394 2930 427 2961 la
451 2930 520 2962 cita
543 2940 678 2971 pavana
703 2929 781 2962 dele
806 2940 886 2962 man
910 2936 943 2962 et
967 2930 1046 2962 dela
1068 2930 1219 2973 signoria
1244 2930 1287 2962 de
1314 2930 1456 2973 Eccelin
1482 2930 1526 2961 de
1550 2930 1701 2967 Roman,
1729 2929 1761 2961 el
1789 2930 1870 2972 qual
1894 2940 1958 2971 per
1991 2930 2022 2962 lo
2047 2930 2247 2963 sovradicto
