2346 3597
0 2489 29 2514 ΞΟ

0 2710 28 2736 35

43 342 78 368 et
100 336 256 369 concede
281 337 315 369 al
339 336 533 369 sovraditto
550 336 676 369 mesier
699 336 854 368 Iacomin
878 335 945 367 Pa-

41 391 169 432 pafava
193 390 239 422 da
262 389 412 422 Carrara
434 400 535 423 rason
560 389 594 420 in
620 399 667 420 un
691 389 812 421 debito
836 388 880 420 de
904 389 944 420 li-

42 443 103 475 bre
126 449 195 475 111ω
219 449 254 475 et
277 443 399 475 denari
425 452 492 474 vm
516 451 579 483 per
595 441 683 473 livra
699 441 744 473 de
760 446 863 482 sorte,
881 453 945 483 per

42 496 74 528 10
99 496 179 538 qual
196 496 315 528 debito
339 497 350 527 i
367 496 449 528 beni
465 501 499 526 et
517 495 548 526 le
566 494 762 536 possession
780 494 836 526 del
853 494 943 526 ditto

42 550 166 582 mesier
197 549 405 581 Pieroconte
438 558 498 579 era
530 546 685 589 obligadi
720 547 752 578 al
784 547 873 580 ditto
906 558 942 579 so

42 603 239 640 credidore‚
257 611 356 634 como
372 599 542 642 apparere
565 610 627 641 per
651 600 685 632 10
704 605 795 633 sotto
811 601 943 643 scripto

42 656 279 688 instrumento.

130 762 183 794 38.
206 779 248 784 —-
274 760 505 792 Instrumento
523 758 600 791 dele
617 758 842 801 infrascripte
867 768 945 801 pos-

42 814 173 846 session
204 813 359 846 mettude
390 813 427 844 in
458 812 553 844 Pava
585 818 619 844 et
654 812 687 843 in
720 812 752 843 la
783 812 864 844 villa
900 812 944 843 da

43 868 202 908 Carrara,
225 867 415 908 comprade
432 877 495 908 per
511 866 636 898 mesier
656 865 809 897 Iacomin
832 864 944 907 primo

43 921 223 963 Papafava
248 926 282 952 et
312 930 375 962 per
406 919 533 951 mesier
561 918 769 951 Pieroconte
793 919 838 950 da
862 918 946 950 Car-

44 985 122 1006 rara
138 974 182 1006 da
198 973 324 1005 mesier
339 973 501 1015 Ugucou,
518 973 598 1004 fiolo
615 972 681 1004 che
706 972 743 1002 fo
759 971 803 1003 de
821 973 946 1003 mesier

44 1028 182 1059 Iacomo
206 1026 251 1058 da
268 1027 427 1063 Carasa,
444 1037 507 1068 per
523 1026 637 1067 presio
655 1025 698 1057 de
715 1025 802 1057 libre
820 1025 945 1067 cinque

44 1080 150 1112 millia
172 1079 217 1112 de
241 1080 344 1122 p1'901i
359 1080 380 1110 ¹.

393 205 568 241 GESTA
598 204 906 240 MAGNIFICA
936 203 1121 238 DOMUS
1151 204 1543 240 CARRARIENSIS

1086 759 1139 790 38.
1156 776 1201 780 —-
1215 758 1480 789 Instrumentum
1504 757 1801 800 infrascriptarum
1821 771 1898 801 pos-

998 811 1188 843 sessionum
1206 812 1347 843 sitarum
1364 811 1401 843 in
1417 811 1560 843 civitate
1577 811 1696 843 Padue
1714 818 1748 844 et
1766 813 1800 843 in
1818 813 1899 844 villa

999 864 1172 902 Cmrarie,
1204 869 1397 905 emptarum
1421 874 1482 906 per
1506 864 1666 896 dominos
1697 865 1898 897 Iacobinum

999 917 1211 958 Papafavam
1236 923 1270 949 et
1294 917 1433 949 Petrum
1465 918 1635 950 Comitem
1667 919 1710 950 de
1740 918 1899 950 Carraria

1000 981 1018 1001 a
1049 970 1190 1002 domino
1214 971 1390 1013 Ugutione
1422 972 1595 1012 quondam
1620 972 1753 1004 domini
1782 972 1900 1004 Iacobi

999 1025 1044 1057 de
1062 1024 1223 1056 Carraria
1248 1035 1310 1066 pro
1334 1026 1446 1066 pretio
1463 1025 1626 1057 librarum
1651 1026 1801 1068 quinque
1826 1026 1901 1057 mil-

1000 1079 1084 1111 lium
1108 1088 1303 1121 parvorum.

135 1188 167 1211 In
188 1188 307 1212 nomine
320 1187 431 1211 domini
445 1187 498 1211 Dei
513 1188 614 1211 eterni.
646 1187 735 1211 Anno
753 1186 877 1211 eiusdem
893 1188 1059 1212 nativitatis
1074 1187 1229 1211 millesimo
1244 1186 1438 1210 ducentesimo
1452 1187 1690 1218 quinquagesimo
1705 1188 1817 1216 octavo,
1832 1187 1904 1210 indi-

45 1233 130 1256 cione
149 1234 250 1264 prima,
270 1232 316 1256 die
337 1232 539 1256 terciodecimo
562 1233 690 1255 intrante
709 1233 796 1260 maio,
817 1232 847 1256 in
868 1232 955 1256 domo
974 1231 1088 1256 domini
1108 1232 1187 1255 Petri
1209 1231 1333 1255 Comitis
1355 1232 1388 1256 de
1408 1231 1551 1261 Carraria,
1571 1232 1749 1263 presentibus
1776 1232 1902 1255 dominis

46 1277 175 1301 Gerardo
189 1278 222 1301 de
237 1278 350 1309 Berega,
372 1277 472 1307 iudice,
488 1276 522 1300 de
535 1276 683 1305 Vicencia,
703 1276 829 1307 Prando‚
851 1277 917 1300 (ilio
937 1277 1082 1308 quondam
1103 1277 1213 1300 domini
1227 1276 1365 1300 Iohannis
1381 1276 1414 1299 de
1429 1276 1614 1306 Galmareila,
1628 1275 1821 1308 Riprandino,
1837 1277 1903 1300 filio

46 1322 190 1353 quondam
211 1322 321 1346 domini
343 1322 434 1347 Clarii
455 1321 489 1345 de
508 1321 673 1350 Camisano,
693 1321 779 1345 Petro
800 1321 834 1345 de
855 1321 1007 1352 Boealada,
1027 1321 1164 1345 Iacobino
1185 1321 1217 1344 de
1232 1321 1401 1352 Bocanigra,
1421 1322 1588 1352 prestatore,
1602 1321 1746 1352 Ugucone,
1761 1321 1903 1346 Clementi

46 1367 79 1391 de
99 1366 279 1398 Curniglana
299 1369 327 1390 et
347 1367 422 1390 aliis.
460 1366 558 1397 Ibique
579 1374 631 1397 pro
650 1367 748 1399 precio
770 1367 895 1397 quinque
915 1366 1040 1391 millium
1061 1367 1199 1390 librarum
1220 1367 1403 1390 denariorum
1429 1368 1605 1395 venetorum,
1625 1366 1701 1397 quod
1728 1367 1853 1398 precium
1877 1368 1903 1390 et

49 1419 120 1443 quos
146 1412 279 1435 denarios
305 1412 439 1435 dominus
464 1410 628 1443 UguconuS,
656 1412 738 1435 filius
764 1412 909 1442 quondam
935 1412 1045 1435 domini
1072 1411 1166 1435 Iacobi
1195 1411 1228 1435 de
1254 1411 1397 1441 Carraria,
1424 1411 1572 1434 confessus
1597 1412 1625 1435 et
1651 1411 1823 1435 manifestus
1848 1412 1903 1435 fuit

49 1463 77 1480 se
98 1456 235 1489 recepisse
254 1458 281 1480 et
301 1456 357 1480 sibi
378 1455 505 1480 solutum
526 1457 554 1479 et
574 1455 687 1480 solutos
708 1455 796 1479 fuisse
818 1463 832 1479 a
853 1455 979 1479 dominis
1004 1455 1142 1479 Iacobino
1168 1455 1315 1488 Papafava
1342 1457 1370 1479 et
1396 1456 1479 1478 Petro
1507 1454 1628 1485 Comite,
1654 1454 1763 1479 domini
1791 1456 1904 1479 Albrici

50 1500 154 1524 Leonis
175 1501 209 1524 de
228 1500 371 1532 Carrarla,
393 1500 566 1524 renuncians
585 1500 753 1532 excepcioni
776 1507 834 1524 non
855 1500 927 1528 dati.
947 1508 1003 1524 non
1026 1501 1178 1530 numerati,
1193 1507 1250 1524 non
1267 1500 1366 1527 soluti,
1381 1506 1440 1523 non
1455 1500 1485 1523 in
1501 1507 1528 1523 se
1542 1499 1635 1523 habiti
1648 1501 1676 1523 et
1696 1501 1799 1531 recepti
1815 1501 1902 1531 precii

49 1547 176 1577 tempore
195 1546 369 1574 contractus,
389 1546 418 1569 et
436 1545 607 1576 excepcioni
628 1552 686 1568 non
708 1546 854 1569 numerate
874 1546 993 1577 pecunie
1012 1547 1040 1569 et
1059 1545 1227 1576 excepcioni
1247 1544 1309 1568 doli
1324 1544 1402 1572 mali,
1415 1546 1443 1568 et
1465 1545 1492 1567 in
1508 1544 1615 1568 factum
1637 1545 1664 1567 et
1685 1545 1761 1568 omni
1784 1544 1905 1568 siccioni

51 1591 79 1614 et
99 1590 264 1622 decepcioni
286 1591 344 1614 tam
365 1591 437 1614 citra
458 1589 609 1613 dimidiam
630 1589 702 1613 ‹ilcti
722 1596 770 1613 seu
789 1590 858 1622 justi
880 1590 971 1622 precii
991 1596 1073 1621 quam
1095 1589 1171 1613 ultra
1193 1592 1220 1613 et
1240 1590 1373 1613 omnibus
1393 1589 1460 1612 aliis
1475 1588 1690 1612 defensionibus
1704 1589 1732 1612 et
1757 1590 1904 1620 excepcio—

52 1634 135 1658 nibus
152 1634 225 1667 juris
245 1636 272 1658 et
294 1635 372 1665 facti,
391 1634 495 1665 quibus
515 1641 543 1657 se
563 1633 714 1657 defendere
735 1635 840 1665 posset,
861 1641 909 1657 seu
929 1635 1032 1657 contra
1051 1633 1179 1664 predicta
1201 1634 1306 1657 venire.
1331 1632 1387 1656 Pro
1401 1633 1457 1665 jam
1473 1632 1553 1656 dicto
1568 1633 1665 1663 precio
1678 1633 1735 1665 J'am
1749 1633 1843 1656 dictus
1857 1633 1907 1656 do-

52 1680 146 1703 minus
167 1679 278 1711 Ugucio
300 1679 368 1703 fecit
387 1678 491 1708 datam,
512 1678 715 1702 vendicionem
735 1679 762 1702 et
782 1679 985 1702 investituram
1005 1678 1090 1702 dictis
1111 1677 1237 1702 dominis
1257 1677 1394 1701 Iacobino
1414 1677 1561 1708 Papafava
1587 1681 1615 1701 et
1634 1677 1719 1701 Petro
1741 1677 1850 1701 Comiti
1872 1677 1906 1701 ad

52 1724 202 1756 proprium
222 1723 255 1747 de
273 1731 307 1748 eo
327 1724 404 1755 quod
424 1725 466 1747 est
486 1724 643 1755 proprium,
664 1723 698 1746 ad
719 1723 851 1747 libellum
872 1723 905 1747 de
925 1731 958 1747 eo
978 1723 1054 1754 quod
1081 1725 1123 1746 est
1143 1722 1283 1751 libellum,
1310 1722 1343 1746 ad
1369 1722 1483 1746 feudum
1504 1722 1537 1745 de
1564 1730 1596 1745 eo
1623 1722 1697 1753 quod
1724 1723 1765 1745 est
1792 1722 1907 1746 feudum

52 1770 80 1792 et
99 1768 133 1792 de
151 1776 233 1792 servo
254 1769 287 1792 de
306 1776 339 1792 eo
358 1768 434 1799 quod
453 1769 494 1792 est
515 1775 635 1797 servum,
655 1769 683 1791 et
698 1767 731 1791 de
745 1768 878 1791 omnibus
899 1769 982 1791 terris
996 1769 1023 1791 et
1037 1767 1267 1799 possessionibus
1287 1768 1314 1790 et
1332 1767 1449 1799 iuribus,
1463 1774 1515 1797 que
1535 1766 1591 1789 sibi
1609 1766 1781 1789 obvenirent
1801 1766 1844 1789 vel
1859 1766 1906 1790 ob—

53 1814 151 1837 venire
171 1813 274 1837 debent
294 1821 346 1844 pro
365 1814 466 1844 quarta
486 1814 566 1844 parte
586 1812 701 1844 poderis
721 1819 756 1836 ex
775 1812 922 1836 divisione
943 1813 1018 1836 inter
1037 1812 1131 1843 ipsum
1151 1812 1298 1835 dominum
1319 1812 1481 1843 Uguqonem
1501 1812 1529 1834 et
1549 1812 1610 1834 eius
1630 1810 1732 1834 fratres
1758 1811 1906 1835 dominum

55 1858 247 1886 Bonifaciurn,
267 1858 428 1882 Mar-silium
443 1859 470 1881 et
483 1857 676 1885 Albertinum,
693 1857 774 1881 filios
789 1864 815 1888 q.
829 1857 855 1881 d.
869 1856 964 1880 Iacobi
980 1857 1013 1880 de
1028 1856 1172 1887 Carraria,
1187 1857 1271 1880 fieret
1286 1856 1329 1879 vel
1345 1856 1411 1879 sieri
1426 1855 1516 1886 debet,
1531 1857 1559 1879 et
1574 1856 1634 1886 ipse
1647 1855 1780 1879 dominus
1795 1855 1907 1887 Ugucio

56 1902 157 1926 habere
177 1902 258 1927 debet
277 1910 330 1934 pro
351 1902 428 1926 dicta
448 1904 548 1933 quarta
569 1904 649 1933 parte
669 1902 702 1926 de
722 1902 854 1926 omnibus
882 1902 966 1925 bonis
989 1904 1016 1925 et
1042 1901 1270 1933 possessionibus
1297 1902 1390 1924 tocius
1416 1900 1542 1932 poderis,
1568 1900 1643 1930 quod
1670 1901 1697 1923 et
1723 1907 1791 1931 quas
1815 1899 1908 1924 dictus

55 1947 189 1971 dominus
202 1946 320 1971 Iacobus
335 1947 368 1970 de
382 1947 525 1976 Carraria,
539 1948 620 1978 pater
634 1947 828 1978 predictorum
843 1946 1035 1975 dominorum,
1047 1946 1146 1969 habult
1157 1947 1184 1969 et
1196 1946 1326 1976 possedit
1341 1946 1370 1968 in
1382 1944 1479 1968 Padua
1491 1946 1519 1968 et
1532 1945 1560 1968 in
1573 1944 1645 1968 villa
1660 1943 1793 1968 Carrarie
1805 1946 1908 1968 eteius

56 1992 204 2016 territorio
224 1992 286 2015 sive
305 1991 448 2020 confinio,
469 1991 514 2015 vel
535 1991 585 2015 alii
608 1999 660 2022 pro
681 1998 723 2015 eo.
748 1991 784 2015 Et
805 1991 883 2014 dedit
898 1992 925 2015 et
938 1992 1023 2014 cessit
1043 1992 1070 2014 et
1090 1990 1214 2014 tradidit
1234 1991 1340 2013 eisdem
1361 1989 1386 2013 d.
1399 1989 1538 2013 Iacobino
1552 1989 1699 2020 Papasava
1712 1991 1739 2013 et
1754 1988 1838 2013 Petro
1853 1989 1909 2013 Co-

59 2036 122 2061 miti
143 2044 194 2068 pro
212 2037 269 2069 J‘am
290 2036 369 2060 dicto
389 2036 485 2068 precio
505 2036 603 2060 omnia
621 2037 686 2069 jura
706 2037 732 2059 et
753 2037 892 2066 acciones,
914 2043 968 2067 que
986 2037 1015 2059 et
1035 2042 1104 2066 quas
1124 2035 1244 2058 habebat
1264 2036 1292 2058 et
1311 2034 1412 2058 habere
1432 2034 1582 2058 videbatur
1606 2034 1636 2057 in
1663 2033 1799 2065 predictis
1824 2034 1908 2058 bonis

55 2083 83 2106 et
102 2081 332 2113 possessionibus
352 2089 403 2113 pro
421 2083 522 2112 quarta
542 2082 622 2112 parte
641 2081 712 2105 etin
727 2082 828 2112 quarta
842 2082 924 2112 parte
943 2088 995 2113 pro
1016 2080 1146 2104 indiviso
1167 2081 1293 2103 omnium
1310 2086 1424 2103 suorum
1444 2086 1506 2102 cum
1521 2078 1579 2102 suis
1599 2078 1719 2109 peculiis
1733 2080 1760 2101 et
1781 2079 1908 2102 omnium

56 2126 180 2150 aliorum
199 2126 348 2154 bonorum,
368 2133 421 2157 que
440 2126 471 2149 in
492 2127 572 2158 parte
593 2132 642 2149 sua
662 2126 688 2149 ei
707 2126 850 2149 venerunt
870 2133 917 2149 seu
937 2125 1036 2149 venire
1057 2124 1168 2153 debent,
1188 2124 1264 2148 sacta
1285 2124 1430 2147 divisione
1449 2131 1511 2147 cum
1533 2123 1671 2154 predirtis
1686 2123 1822 2147 fratribus
1841 2125 1910 2152 suis,

57 2178 120 2194 cum
140 2171 218 2194 omni
238 2171 308 2203 jure,
327 2170 404 2202 quod
425 2171 486 2202 ipse
506 2170 639 2194 dominus
661 2169 772 2202 Ugucio
793 2171 822 2193 in
838 2170 975 2202 predictis
989 2169 1219 2202 possessionibus
1239 2170 1266 2192 et
1279 2169 1363 2192 bonis
1384 2168 1577 2196 liabebat,a1·t
1591 2168 1645 2192 sibi
1660 2168 1847 2199 competebat,
1861 2174 1908 2192 seu

58 2217 218 2247 competere
237 2216 343 2247 posset,
363 2215 599 2246 quemadmodum
620 2215 691 2238 olim
713 2215 808 2238 dictus
828 2215 854 2238 d.
874 2215 994 2239 Iacobus
1014 2215 1047 2238 de
1067 2214 1210 2242 Carraria,
1231 2215 1311 2245 pater
1327 2214 1463 2244 ipsorum,
1477 2213 1578 2236 habuit
1592 2214 1619 2236 et
1633 2213 1725 2236 tenuIt
1740 2213 1770 2236 in
1791 2212 1911 2237 civitate

58 2260 154 2284 Padue
173 2262 201 2284 et
220 2261 250 2284 ln
271 2260 405 2285 Carraria
425 2262 452 2284 et
471 2261 531 2284 eius
550 2260 694 2289 confinio,
714 2267 777 2283 cum
797 2260 863 2290 viis,
882 2260 1055 2288 tramitibus,
1081 2259 1279 2287 servitutibus,
1298 2258 1471 2288 stillicidiis,
1492 2259 1589 2288 curtis,
1610 2259 1741 2287 curtivis,
1761 2257 1909 2287 clausuris,

59 2305 161 2333 vineis,
181 2305 339 2333 arboribus,
359 2305 498 2335 domibus,
519 2305 654 2334 edificiis,
675 2305 767 2334 terris,
788 2306 888 2337 pratis,
907 2304 994 2329 cultis
1014 2306 1041 2328 et
1062 2304 1189 2333 incultis,
1211 2304 1382 2333 nemoribus,
1406 2303 1514 2331 fractis,
1528 2302 1693 2334 salgarcdis,
1710 2302 1780 2333 ripis
1793 2304 1820 2326 et
1834 2304 1909 2334 rupi-

60 2350 114 2378 nis,
128 2349 256 2381 postillis
270 2351 297 2372 et
310 2350 401 2380 postis
416 2348 658 2377 molendinorum,
673 2349 848 2372 molendinis
861 2350 888 2372 et
903 2349 1132 2380 acqmeductibus,
1150 2355 1206 2372 una
1221 2355 1282 2371 cum
1298 2347 1536 2378 ingressionibus‚
1551 2346 1772 2375 accessionibus,
1788 2347 1911 2371 introitu

58 2396 86 2417 et
105 2395 193 2421 exitu,
214 2396 241 2417 et
261 2401 324 2418 eum
344 2393 479 2418 omnibus
498 2394 556 2417 suis
576 2393 753 2417 adiacenciis
772 2395 799 2418 et
820 2393 1019 2425 pertinenciis,
1039 2395 1066 2417 et
1085 2393 1258 2424 generaliter
1278 2400 1340 2416 cum
1355 2392 1487 2415 omnibus
1502 2391 1569 2415 aliis
1582 2391 1692 2424 juribus
1706 2393 1733 2415 et
1748 2391 1912 2415 racionibus

58 2438 145 2462 dictis
165 2438 251 2462 bonis
271 2440 298 2462 et
318 2438 398 2462 rebus
418 2438 617 2462 adiacentibus
636 2440 663 2461 et
683 2437 763 2461 dicto
782 2438 931 2462 venditori
952 2439 981 2461 in
1003 2437 1140 2470 predictis
1161 2437 1243 2460 bonis
1269 2438 1296 2460 et
1323 2437 1403 2459 rebus
1424 2437 1451 2459 et
1471 2443 1568 2459 eorum
1589 2436 1741 2468 occasione
1762 2436 1912 2467 integrali-

60 2484 103 2507 ter
122 2482 344 2514 pertinentibus.
381 2482 418 2506 Et
436 2483 459 2506 si
480 2482 608 2514 predicta
622 2482 697 2506 bona
717 2484 744 2506 et
757 2483 821 2515 jura
841 2482 905 2515 plus
926 2482 1005 2506 dicto
1026 2483 1121 2514 precio
1136 2489 1184 2505 5011
1197 2482 1276 2514 justo
1292 2489 1365 2504 nunc
1381 2481 1477 2504 valent
1492 2480 1536 2504 vel
1552 2482 1651 2512 postea
1667 2480 1805 2509 valerent,
1819 2481 1911 2504 dictus

60 2527 86 2551 d.
107 2526 218 2559 Ugucio
233 2528 337 2551 eisdem
351 2527 527 2560 emptoribus
544 2528 611 2551 fecit
624 2527 814 2551 donacionem
832 2528 906 2551 inter
921 2528 1003 2551 vivos
1018 2535 1100 2551 unam
1116 2528 1143 2550 et
1156 2526 1251 2559 plures
1265 2527 1316 2555 eis,
1329 2525 1502 2549 remittendo
1515 2526 1621 2548 eisdem
1636 2532 1684 2557 per
1698 2527 1822 2557 pactum,
1836 2526 1910 2556 quod

60 2572 135 2596 dicte
155 2571 326 2596 donationes
347 2579 403 2595 non
424 2572 539 2603 possint
559 2572 687 2595 revocari
707 2571 765 2596 ulla
786 2572 999 2604 ingratitudine
1018 2572 1063 2595 vel
1085 2571 1188 2595 offensa
1208 2577 1310 2602 magna
1324 2570 1368 2594 vel
1384 2577 1480 2601 parva,
1495 2577 1545 2593 1100
1566 2570 1602 2593 ob
1622 2570 1676 2593 11οο
1689 2570 1764 2601 quod
1786 2570 1845 2593 sint
1858 2570 1911 2593 im-

60 2623 162 2647 mense,
183 2617 315 2647 quamvis
333 2617 406 2640 actis
427 2624 484 2640 non
506 2617 601 2640 forent
621 2617 776 2640 insinuate.
813 2616 995 2641 Renuncians
1016 2624 1050 2640 ex
1071 2617 1145 2640 certa
1167 2616 1289 2639 sciencia
1310 2616 1370 2647 ipse
1394 2614 1538 2645 venditor,
1559 2614 1635 2645 quod
1655 2615 1688 2637 de
1706 2615 1767 2646 jure
1787 2621 1837 2638 suo
1857 2622 1910 2638 cer-

61 2661 172 2685 ciorato
191 2661 239 2685 1111
260 2661 325 2689 11111,
345 2661 420 2692 quod
440 2661 512 2684 dicit
532 2661 707 2685 donationes
726 2660 802 2684 inter
823 2661 906 2685 vivos
926 2661 1003 2684 ultra
1023 2662 1197 2692 quingentos
1218 2666 1318 2683 aureos
1340 2659 1429 2683 factas
1443 2659 1546 2690 absque
1560 2660 1688 2682 actorum
1703 2659 1912 2690 insffluacione,

61 2706 90 2729 in
111 2713 153 2735 eo,
173 2706 249 2737 quod
270 2706 422 2734 excedunt,
442 2713 500 2729 non
522 2706 658 2734 valerent,
673 2705 809 2730 similiter
824 2705 956 2730 faciendo
971 2705 1065 2729 dictus
1085 2706 1220 2729 venditor
1233 2711 1319 2728 unam
1333 2706 1361 2728 et
1374 2704 1469 2736 plures
1488 2703 1661 2728 donationes
1677 2705 1751 2727 inter
1766 2705 1848 2727 vivos
1862 2711 1913 2736 pro

61 2750 186 2782 singulis
206 2750 372 2783 quingentis
392 2751 496 2780 aureis,
516 2751 549 2774 de
568 2757 601 2774 eo
621 2751 697 2782 quod
718 2750 832 2774 excedit
852 2750 960 2774 dictam
981 2757 1116 2774 summam
1138 2750 1362 2781 quingentorum
1390 2755 1550 2777 aureorum,
1572 2750 1601 2772 in
1622 2748 1707 2772 dictis
1727 2748 1914 2780 emptoribus.

61 2794 97 2818 Et
117 2794 205 2823 dedit,
225 2796 318 2822 cessit,
339 2794 463 2819 tradidit
483 2796 567 2826 atque
588 2794 738 2818 mandavit
757 2795 850 2818 dictus
869 2795 895 2818 d.
910 2793 1021 2826 Ugucio
1041 2802 1075 2818 ex
1090 2794 1229 2825 predictis
1244 2793 1335 2816 causis
1350 2793 1437 2816 dictis
1451 2793 1626 2824 emptoribus
1641 2793 1737 2816 onmia
1751 2793 1813 2825 jura
1828 2792 1916 2816 realia

63 2840 91 2862 et
109 2839 280 2870 personalia,
302 2839 489 2871 privilegiata
509 2841 536 2863 et
557 2847 615 2863 non
635 2839 835 2870 privilegiata,
854 2847 938 2863 omne
956 2840 1009 2871 jus,
1023 2845 1121 2862 omnes
1136 2839 1268 2862 acciones
1287 2839 1314 2861 et
1334 2837 1465 2861 raciones
1486 2838 1574 2861 reales
1594 2838 1621 2861 et
1641 2836 1815 2868 personales,
1829 2836 1914 2860 utiles

64 2883 92 2906 et
110 2883 241 2912 directas,
261 2891 315 2916 que
333 2885 361 2908 et
381 2891 449 2915 quas
470 2883 591 2908 habebat
610 2891 659 2908 seu
679 2884 780 2908 habere
799 2885 896 2916 posset
916 2884 947 2908 in
968 2883 1104 2915 predictis
1124 2883 1205 2906 rebus
1229 2884 1256 2906 et
1276 2882 1360 2906 bonis
1386 2884 1413 2906 et
1438 2882 1550 2914 juribus
1576 2883 1603 2906 ct
1631 2883 1660 2905 in
1688 2881 1821 2905 omnibus
1847 2881 1914 2905 aliis

155 2992 163 3008 ¹
185 2993 231 3018 Cf.
250 2994 378 3025 Cnonno,
398 2995 507 3024 Athen»,
527 3002 554 3026 p.
574 3001 614 3026 23,
636 2993 679 3018 68.
