2346 3597
422 190 493 225 162

406 322 579 354 Carrara¹.
625 322 662 354 Io
686 329 783 355 trovo
801 329 922 365 questo
938 322 1099 355 Artiucio
1118 334 1161 354 ne
1188 322 1304 355 l’anno

405 375 462 407 del
478 375 627 418 Signore
650 376 742 408 mille
766 382 909 408 sexanta
935 382 1014 409 octo
1030 387 1114 407 aver
1130 376 1226 408 facto
1245 376 1306 408 do-

403 438 511 459 nason
533 429 577 460 de
600 428 728 472 algune
752 429 948 471 possession
975 429 1006 460 al
1031 429 1237 460 monastiero
1263 429 1305 460 de

403 480 473 512 San
489 480 651 513 Steffano
675 483 720 514 da
743 482 901 519 Carrara,
920 492 1020 514 como
1045 492 1175 524 appare
1192 491 1255 523 per
1271 481 1304 512 lo

402 534 632 567 instrumento
657 541 756 568 socto
779 535 922 577 scripto.

493 639 521 674 7.
545 658 586 663 ——
621 640 851 672 Instrumento
886 651 983 673 como
1020 640 1188 679 Artiucio‚
1219 641 1304 672 tiolo

403 693 460 725 del
484 693 718 735 sovrascripto
742 693 884 731 Lit01f0‚
909 694 994 726 tiolo
1026 695 1070 725 de
1102 694 1303 732 Gumberto‚

404 747 448 779 da
471 746 630 783 Carrara,
655 747 747 778 dono
778 753 873 778 certe
904 748 1099 788 possession
1125 748 1156 778 al
1181 747 1304 778 Mona-

404 800 508 831 stiero
532 799 576 831 de
601 799 671 832 San
695 798 855 834 Steffano
880 800 923 831 da
948 800 1096 832 Carrara
1109 799 1131 831 ².

770 189 945 225 GESTA
973 190 1273 225 MAGNIFICA
1303 190 1487 226 DOMUS
1517 191 1907 228 CARRARIENSIS

1449 640 1477 674 7.
1517 659 1557 662 —
1596 641 1860 674 Instrumentum
1894 643 2041 685 qualiter
2065 643 2253 682 Artiucius‚

1357 686 1456 726 filius‘
1466 694 1631 735 Litolphi,
1649 695 1692 726 de
1706 695 1830 727 Castro
1845 695 2004 728 Carrarie
2021 697 2166 738 reliquit
2180 708 2255 729 cer-

1357 753 1409 779 tas
1438 747 1673 789 possessiones
1703 749 1913 781 monasterio
1940 749 2061 782 Sancti
2085 751 2254 792 Stephani

1358 801 1401 832 de
1425 799 1596 832 Carraria.

500 908 531 931 In
552 909 667 931 nomine
687 908 797 931 domini
819 908 872 931 Dei
892 909 992 932 eterni.
1030 908 1119 932 Anno
1138 909 1173 932 ab
1192 909 1393 932 incarnatione
1412 909 1523 932 domini
1544 910 1638 932 nostri
1660 909 1745 940 Jhesu
1771 908 1880 934 Christi
1902 911 2057 935 millesimo
2077 914 2253 944 sexagesimo

409 953 522 982 octavo,
542 954 620 976 sexto
641 952 686 975 die
707 953 810 976 mensis
830 954 951 984 augusti,
973 953 1135 977 indictione
1154 955 1242 981 sexta,
1262 953 1436 977 monasterio
1454 954 1613 977 beatissimi
1634 953 1733 978 Sancti
1751 953 1876 985 Steffani,
1897 956 1944 986 qui
1965 957 2008 979 est
2032 958 2198 981 constructo
2225 959 2254 982 in

417 996 482 1020 loco
502 998 528 1020 et
548 996 636 1019 fundo
656 996 799 1026 Carraria,
819 997 849 1020 in
870 1004 926 1028 quo
946 997 986 1020 ibi
1008 1004 1083 1021 nunc
1102 998 1235 1022 dominus
1254 997 1443 1030 Ilteprandus,
1463 998 1614 1029 religiosus
1634 998 1774 1029 presb-iter
1793 999 1820 1022 et
1846 1006 1979 1023 monacus
2005 1002 2088 1031 atque
2114 1001 2199 1025 abbas
2226 1003 2254 1025 in

414 1040 496 1063 illum
516 1048 623 1064 sacrum
644 1047 703 1064 esse
722 1040 844 1069 videtur,
864 1041 912 1064 ubi
932 1041 1034 1065 multas
1055 1048 1097 1065 res
1112 1050 1126 1065 a
1139 1042 1224 1065 bonis
1243 1042 1410 1066 hominibus
1423 1042 1550 1074 delegate
1565 1044 1638 1066 sunt.
1671 1042 1732 1074 Ego
1745 1042 1860 1074 quidem
1875 1043 1904 1066 in
1918 1043 1963 1067 dei
1977 1044 2093 1068 nomine
2112 1046 2255 1074 Artiucio,

414 1084 474 1108 filio
495 1084 615 1113 Litolfo,
635 1084 668 1108 de
688 1086 789 1113 castro,
806 1085 855 1116 qui
870 1087 988 1109 vocatur
1003 1085 1144 1114 CarrarIa,
1161 1087 1208 1117 qui
1223 1093 1266 1110 me
1279 1086 1424 1118 professus
1438 1094 1497 1111 sum
1511 1087 1572 1118 lege
1586 1087 1682 1110 vivere
1695 1086 1962 1119 Longobardorum,
1975 1088 2062 1119 dono,
2075 1089 2154 1119 cedo,
2172 1090 2256 1114 trado

414 1131 496 1160 atque
515 1129 601 1153 offero
621 1129 650 1153 in
673 1130 729 1153 iam
749 1131 827 1153 dicto
853 1131 1028 1154 monasterio
1049 1130 1207 1154 beatissimi
1229 1130 1328 1155 Sancti
1347 1130 1463 1155 Steffani
1484 1138 1537 1163 pro
1557 1131 1711 1155 oblacione
1730 1133 1757 1154 et
1776 1131 1807 1155 in
1829 1132 1923 1155 anima
1949 1133 2007 1156 mia
2033 1131 2101 1164 (sic),
2128 1140 2176 1158 seu
2202 1143 2254 1166 pro

413 1178 509 1197 eterna
529 1174 762 1198 remuneracione
782 1174 877 1198 anime
895 1181 954 1198 mee
973 1176 1001 1198 et
1020 1175 1053 1198 de
1073 1175 1215 1205 quondam
1235 1177 1417 1207 parentorum
1437 1182 1569 1206 meorum,
1584 1178 1612 1199 et
1626 1183 1674 1207 per
1688 1175 1761 1199 hanc
1776 1178 1934 1207 presentem
1947 1177 2083 1208 paginam
2095 1177 2258 1203 offersionis

415 1224 473 1241 mee
493 1225 507 1241 a
526 1215 574 1241 die
592 1219 717 1249 presenti
737 1221 764 1242 et
783 1218 862 1246 hora,
883 1219 956 1243 sicut
975 1219 1021 1242 hic
1042 1219 1140 1243 subtus
1159 1219 1352 1250 declaravere,
1365 1227 1380 1243 a
1395 1221 1455 1244 iure
1475 1220 1604 1251 predicto
1618 1221 1794 1244 monasterio
1809 1221 2005 1252 proprietario
2023 1223 2140 1245 nomine
2153 1222 2260 1246 haben-

414 1261 479 1285 dum
499 1262 635 1286 confirmo
655 1263 746 1293 ipsum
768 1263 945 1287 messaricias
964 1265 1089 1294 quinque
1106 1264 1177 1288 iuris
1198 1264 1261 1294 mei,
1281 1272 1333 1295 que
1346 1271 1399 1296 ego
1419 1264 1520 1288 habere
1539 1266 1566 1288 et
1586 1265 1732 1296 possidere
1753 1266 1816 1288 viso
1835 1272 1896 1288 sum
1911 1266 1940 1288 in
1955 1267 2094 1290 comitatu
2105 1267 2256 1298 patavensi

416 1308 442 1329 et
463 1307 491 1329 iu
513 1307 653 1330 iudicaria
672 1307 902 1335 montesilicana,
923 1309 954 1331 in
973 1308 1037 1331 loco
1056 1310 1083 1331 et
1104 1308 1193 1331 fundo
1214 1308 1375 1332 Pernumia.
1406 1307 1501 1332 Prima
1514 1310 1680 1332 massaricia
1693 1309 1724 1332 in
1738 1309 1867 1340 predicto
1882 1309 1947 1332 loco
1960 1312 1988 1337 et
2002 1309 2092 1334 fundo
2105 1309 2257 1336 Pernumia

414 1353 456 1374 est
475 1352 550 1374 recta
569 1353 596 1375 et
616 1351 745 1375 laborata
764 1359 813 1383 per
832 1352 986 1375 Iohannem
1007 1353 1040 1376 de
1060 1352 1179 1380 Vitalis;
1194 1353 1316 1376 secunda
1329 1360 1378 1384 per
1390 1352 1555 1381 Iohannem,
1569 1353 1658 1378 filium
1672 1354 1814 1385 quondam
1827 1353 1986 1377 Dominico
2000 1355 2152 1385 patavino:
2168 1356 2257 1380 tercia

416 1402 464 1426 per
483 1394 603 1419 Oldrico
622 1396 656 1419 de
674 1394 874 1428 Gerogniano:
895 1398 995 1428 quarta
1015 1404 1064 1428 per
1083 1397 1227 1426 Honestog
1248 1397 1350 1428 quinta
1370 1404 1419 1428 per
1437 1397 1518 1427 Erro,
1538 1398 1692 1426 massariis,
1711 1398 1811 1421 liberis
1829 1398 2004 1422 hominibus,
2034 1399 2069 1422 Et
2089 1400 2112 1422 si
2131 1400 2256 1432 amplius

416 1439 449 1462 de
469 1447 530 1463 meo
550 1440 580 1463 in
600 1440 682 1464 rebus
702 1441 731 1464 in
752 1440 882 1472 predicto
904 1441 970 1464 loco
990 1442 1017 1465 et
1032 1441 1122 1465 fundo
1134 1441 1289 1465 Pernumia
1304 1442 1348 1465 vel
1363 1442 1392 1465 in
1407 1441 1467 1465 eius
1481 1441 1584 1466 finibus
1597 1443 1625 1466 et
1644 1442 1800 1466 territoriis
1820 1444 1848 1466 et
1868 1443 2056 1474 pertinenciis
2075 1443 2139 1476 plus
2158 1444 2257 1468 inven-

417 1486 474 1507 turn
497 1484 582 1508 fuerit
601 1491 683 1515 quam
704 1486 734 1508 ut
755 1492 847 1516 supra,
867 1493 916 1517 per
935 1486 1007 1509 hanc
1029 1488 1133 1510 cartam
1153 1486 1316 1510 offersionis
1336 1486 1403 1510 sciri
1418 1487 1512 1517 potest
1526 1494 1557 1510 ac
1571 1488 1614 1511 est
1633 1486 1763 1518 predicto
1783 1488 1956 1511 monasterio
1977 1488 2169 1519 proprietario
2190 1490 2258 1517 iure,

416 1530 446 1552 ut
465 1528 574 1552 dictum
594 1530 645 1558 est,
664 1531 723 1553 tum
743 1529 882 1562 predictis
901 1531 984 1559 casis,
1003 1530 1178 1554 massariciis
1198 1538 1260 1554 cum
1281 1530 1518 1559 sediminibus&
1536 1532 1621 1556 terris
1639 1538 1702 1554 cum
1722 1531 1825 1562 vineis
1838 1539 1900 1555 cum
1913 1533 1987 1555 areis
2007 1538 2118 1556 suarum
2132 1534 2160 1556 et
2173 1534 2257 1557 terris

415 1573 534 1596 arabilis
552 1575 580 1597 et
599 1573 701 1605 gerbis,
721 1575 837 1605 campis,
858 1575 957 1605 pratis,
977 1576 1099 1607 pascuis,
1117 1575 1211 1605 silvis,
1231 1583 1261 1598 ac
1281 1575 1432 1605 stellareis,
1451 1576 1531 1603 rivis,
1551 1576 1680 1607 rupineis
1696 1583 1726 1599 ac
1741 1576 1899 1608 paludibus.
1913 1576 2088 1600 molendinis
2103 1584 2164 1600 cum
2184 1577 2256 1609 ripis

413 1618 440 1640 et
459 1617 615 1648 aquimolis
634 1617 700 1648 suis,
721 1618 769 1648 qui
788 1619 855 1642 sunt
873 1618 1012 1642 edificatis
1031 1619 1062 1642 in
1082 1618 1170 1642 fluvio
1189 1619 1374 1651 Vingincone
1394 1619 1437 1643 vel
1465 1620 1493 1643 in
1520 1620 1580 1643 elus
1601 1619 1726 1643 sossibus
1746 1622 1773 1643 et
1796 1619 1933 1647 cursibus,
1952 1627 2033 1651 quem
2053 1621 2087 1644 ab
2107 1621 2178 1652 ipsis
2197 1628 2257 1646 mo·

416 1662 542 1685 lendinis
562 1663 694 1693 conpetit
713 1662 882 1691 habendum,
898 1663 963 1686 sive
990 1663 1212 1694 piscacionibus,
1238 1663 1453 1692 venacionffius,
1479 1663 1566 1687 coltis
1585 1666 1614 1687 et
1633 1663 1762 1692 incoltis.
1782 1664 1887 1687 divisis
1906 1666 1934 1688 et
1953 1664 2101 1694 indivisis,
2119 1673 2174 1689 una
2194 1673 2256 1689 cum

416 1706 518 1730 finibus
538 1708 565 1729 et
584 1707 762 1735 terminibus,
782 1708 991 1731 accessionibus
1010 1710 1038 1731 et
1057 1708 1155 1732 usibus
1176 1715 1365 1739 aquarumque
1385 1708 1526 1737 ductibus,
1545 1715 1608 1732 cum
1628 1709 1706 1732 omni
1727 1709 1797 1737 iure.
1823 1708 1995 1732 adiacenciis
2021 1710 2048 1733 et
2067 1710 2255 1740 pertinenciis

413 1757 509 1774 earum
536 1758 627 1774 rerum
653 1758 702 1782 per
730 1751 794 1775 loca
814 1753 841 1775 et
860 1751 1014 1776 vocabulas
1034 1752 1069 1776 ab
1087 1753 1160 1784 ipsis
1179 1753 1352 1776 massariciis
1371 1754 1399 1776 et
1424 1753 1458 1776 ab
1484 1753 1554 1785 ipsis
1572 1754 1647 1776 casis
1671 1754 1698 1776 et
1718 1753 1799 1776 rebus
1823 1753 2035 1784 pertinentibus
2053 1754 2083 1777 in
2105 1754 2256 1785 integrum.

415 1793 475 1822 Que
503 1796 594 1818 autem
621 1797 812 1828 suprascripte
840 1797 1017 1820 massaricies
1036 1798 1064 1820 et
1083 1797 1287 1829 suprascriptis
1306 1798 1379 1820 casis
1397 1799 1426 1821 et
1445 1797 1577 1820 omnibus
1598 1797 1679 1820 rebus
1699 1797 1761 1820 illis
1787 1797 1858 1820 iuris
1876 1797 1932 1821 mei
1957 1797 1988 1820 in
2013 1798 2109 1822 eodem
2135 1797 2200 1822 loco
2226 1801 2254 1823 ct

417 1839 506 1863 fundo
524 1839 677 1863 Pernumia
697 1840 740 1863 vel
762 1842 792 1864 in
812 1841 872 1864 eius
893 1841 1082 1872 pertinenciis
1102 1843 1229 1873 superius
1255 1842 1420 1870 nominatis,
1445 1848 1501 1865 una
1527 1849 1588 1865 cum
1607 1841 1819 1865 accessionibus
1838 1843 1866 1865 et
1886 1842 2075 1873 ingressionis
2093 1849 2187 1866 earum
2207 1850 2255 1867 scu

413 1891 474 1907 cum
494 1885 688 1916 superioribus
708 1887 735 1908 et
754 1884 941 1909 inferioribus
961 1887 1028 1916 suis,
1047 1886 1170 1917 qualiter
1189 1887 1328 1918 superius,
1347 1886 1377 1910 in
1394 1887 1534 1918 integrum
1549 1886 1582 1909 ab
1601 1885 1653 1909 hac
1673 1885 1720 1910 die
1739 1886 1769 1909 in
1789 1886 1885 1910 eodem
1905 1887 1932 1909 et
1951 1887 2143 1910 venerabilem
2157 1895 2255 1911 mona-

416 1928 504 1952 sterio
523 1927 619 1952 Sancti
637 1928 754 1952 Steffani
774 1929 819 1959 do,
841 1929 920 1961 cedo,
938 1929 1022 1953 trado
1043 1931 1126 1961 atque
1145 1929 1230 1954 offero
1249 1932 1276 1954 et
1296 1937 1345 1962 per
1370 1931 1529 1961 presentem
1549 1930 1687 1953 cartulam
1713 1929 1876 1954 offersionis
1903 1930 2006 1954 ibidem
2033 1931 2067 1954 ad
2093 1931 2254 1955 habendum

415 1972 560 2000 confirmo,
582 1973 742 1997 faciendum
762 1974 865 1997 exinde
885 1982 900 1998 a
920 1982 985 2006 pars
1005 1975 1096 2006 ipsius
1116 1975 1289 1998 monasterio
1310 1982 1325 1998 a
1351 1976 1475 2006 presenti
1502 1975 1549 1998 die
1573 1975 1767 2007 proprietario
1793 1975 1910 1998 nomine
1935 1974 2075 2006 quidquid
2102 1975 2254 1999 volueritis

414 2017 476 2040 sine
495 2018 572 2040 omni
593 2025 653 2041 mea
672 2019 699 2041 et
718 2018 851 2042 heredum
869 2026 995 2042 meorum
1014 2019 1246 2043 contradiccione
1265 2026 1316 2051 pro
1331 2019 1426 2042 anima
1440 2025 1500 2042 mea
1514 2019 1676 2042 mercedem.
1713 2019 1755 2042 Ita
1775 2020 1867 2042 tamen
1887 2020 1928 2049 ut,
1947 2020 1969 2042 si
1990 2019 2102 2043 veniret
2121 2019 2253 2050 aliquem,

417 2068 489 2084 unus
508 2063 557 2085 aut
576 2062 679 2093 plures,
700 2062 733 2086 de
755 2063 892 2086 fratribus
912 2064 990 2091 meis,
1016 2064 1063 2094 qui
1086 2070 1144 2087 non
1164 2062 1227 2087 vult
1244 2063 1395 2087 observare
1416 2063 1460 2086 vel
1480 2069 1539 2086 esse
1557 2064 1743 2093 monasterio,
1766 2063 1809 2087 vel
1829 2064 1852 2086 si
1873 2070 1926 2091 res,
1945 2070 2026 2094 quem
2046 2063 2176 2095 predicto
2196 2071 2255 2088 mo-

419 2107 543 2130 nasterio
563 2106 647 2130 habet
666 2109 693 2130 et
711 2109 797 2137 tenet,
817 2109 844 2131 et
863 2108 1006 2140 predictas
1025 2116 1077 2139 res,
1098 2115 1150 2139 que
1170 2116 1221 2140 ego
1235 2108 1361 2140 preditto
1375 2107 1509 2131 Artiucio
1524 2107 1600 2131 dono
1621 2115 1671 2140 pro
1686 2107 1781 2131 anima
1801 2114 1860 2131 mea
1881 2109 1911 2131 in
1933 2107 2058 2139 preditto
2070 2110 2255 2138 monasterio,

417 2150 545 2175 (lividere
566 2151 701 2180 voluerit,
720 2153 789 2176 tunc
809 2152 950 2184 predittas
968 2158 1021 2182 res,
1041 2160 1110 2184 quas
1129 2160 1180 2184 ego
1200 2152 1245 2183 do,
1267 2152 1344 2176 dono
1371 2160 1385 2176 a
1411 2151 1538 2183 preditto
1563 2152 1747 2179 monasterio,
1775 2153 1891 2175 veniant
1910 2152 1944 2176 ad
1964 2151 2044 2176 illam
2065 2154 2184 2184 partem,
2202 2160 2255 2185 que

415 2203 466 2226 ego
490 2196 588 2219 omnia
608 2203 667 2219 mea
688 2196 762 2220 bona
783 2197 904 2220 mobiles
923 2199 950 2220 et
970 2197 1123 2221 inmobiles
1145 2204 1192 2220 seu
1212 2197 1333 2220 familiis
1354 2196 1517 2220 ordinatum
1544 2196 1642 2220 habeo.
1679 2194 1800 2223 Quidem
1827 2196 1977 2228 expondeo
2002 2199 2087 2228 atque
2111 2198 2254 2229 promitto

416 2247 460 2263 me
479 2247 540 2270 ego,
560 2241 608 2271 qui
622 2248 705 2272 supra
719 2242 862 2271 Artiucio,
876 2249 932 2265 una
952 2249 1015 2265 cum
1034 2249 1111 2265 meos
1129 2241 1244 2265 heredes
1264 2241 1328 2272 tibi,
1349 2241 1396 2265 cui
1415 2248 1498 2272 supra
1519 2240 1642 2264 domnus
1661 2240 1848 2265 Ildebrandus
1867 2241 1959 2272 abbas,
1981 2241 2093 2272 tuisque
2112 2249 2252 2266 successo-

416 2284 493 2308 ribus
513 2285 584 2316 ipsis
603 2286 807 2318 suprascriptis
827 2287 899 2310 casis
925 2288 952 2310 et
973 2286 1105 2310 omnibus
1131 2286 1221 2314 rebus,
1246 2292 1316 2317 quas
1336 2286 1389 2309 tibi
1417 2285 1515 2309 offerre
1545 2285 1658 2309 videtur
1683 2293 1698 2309 a
1718 2293 1782 2317 pars
1802 2286 1892 2318 ipsius
1912 2287 2094 2316 monasterio,
2120 2286 2154 2310 ab
2173 2287 2254 2311 omni

416 2329 531 2353 homine
550 2330 704 2354 defensare.
738 2329 820 2357 Quod
841 2331 866 2354 si
885 2330 1036 2354 defendere
1049 2337 1108 2354 non
1123 2330 1306 2363 potuerimuS,
1322 2331 1371 2353 aut
1385 2331 1408 2353 si
1423 2330 1477 2354 tibi
1493 2329 1595 2353 exinde
1610 2329 1720 2360 aliquid
1740 2338 1788 2361 pcr
1808 2331 1910 2361 quovis
1928 2330 2076 2362 ingenium
2092 2331 2256 2355 subtrahere

417 2374 610 2405 quesierimus,
631 2376 697 2398 tunc
717 2376 745 2398 in
766 2375 883 2406 duplum
903 2375 998 2399 eadem
1019 2376 1092 2399 casis
1112 2377 1139 2399 et
1158 2375 1289 2399 omnibus
1309 2375 1390 2398 rebus
1409 2382 1425 2397 a
1445 2382 1510 2406 pars
1530 2375 1620 2406 ipsius
1640 2374 1823 2405 monasterio,
1851 2375 1924 2399 sicut
1943 2381 1997 2406 pro
2021 2376 2147 2408 tempore
2167 2375 2254 2400 fuerit

417 2420 582 2443 melioratas
607 2421 655 2443 aut
679 2419 803 2444 valuerit
826 2420 875 2444 sub
901 2420 1095 2444 extimacione
1121 2421 1150 2443 in
1175 2419 1325 2444 consimile
1345 2419 1426 2443 locis.
1463 2419 1541 2443 lianc
1561 2420 1637 2443 enirn
1657 2421 1762 2443 cartam
1785 2419 1953 2443 offersionis
1973 2427 2031 2443 mee
2045 2421 2178 2452 paginam
2199 2420 2251 2445 tibi

415 2463 546 2487 Valerius
566 2465 697 2488 notarius
716 2466 743 2488 et
762 2464 846 2488 iudex
867 2464 990 2489 tradidit
1010 2465 1042 2488 ad
1063 2463 1242 2488 scribendum
1262 2465 1289 2488 et
1307 2465 1403 2492 testes,
1422 2463 1452 2487 in
1472 2471 1526 2494 qua
1546 2464 1592 2487 hic
1612 2464 1709 2487 subtus
1729 2463 1899 2488 confirmans
1919 2464 2050 2493 testibus,
2071 2464 2120 2495 qui
2146 2464 2252 2489 obtulit

415 2508 447 2531 ad
470 2507 670 2532 roborandum.

503 2552 607 2576 Actum
626 2552 657 2576 in
677 2552 740 2576 loco
760 2553 866 2576 Braido
886 2553 920 2577 de
938 2554 1026 2585 palia.
1046 2553 1178 2577 feliciter.

508 2670 513 2686 ¹
535 2663 555 2695 ὲ
574 2671 654 2704 figlio
675 2672 705 2695 di
725 2672 838 2696 Litolfo
857 2680 871 2696 e
888 2673 916 2696 di
931 2673 973 2697 lui
988 2673 1177 2697 nessun’altro
1191 2672 1307 2696 ricorde

418 2715 490 2738 resta
510 2714 584 2737 oltre
604 2714 630 2737 la
656 2716 787 2746 presente
813 2718 889 2738 carta
916 2715 945 2738 di
971 2715 1134 2739 donazione
1157 2715 1184 2738 al
1211 2721 1308 2738 mona-

417 2758 492 2779 stero
513 2756 541 2779 di
561 2755 588 2780 S.
607 2755 735 2785 Stefano,
760 2754 806 2787 gia
833 2757 998 2788 pubblicata
1024 2757 1070 2780 dal
1092 2756 1215 2784 GLoRm,
1245 2755 1306 2779 Cod.

417 2798 492 2828 dipl„
514 2798 534 2826 Ι,
556 2804 615 2828 229,
635 2805 662 2821 n.
683 2805 742 2821 201.
781 2798 825 2822 Cf.
847 2799 1006 2830 Baumccx,
1037 2799 1108 2822 Ilist.
1129 2799 1200 2828 eccl„
1221 2798 1239 2822 l.
1260 2796 1306 2827 x1,

418 2840 473 2862 vol.
494 2840 513 2868 Ι,
532 2847 594 2870 420,
614 2849 627 2863 e
648 2840 776 2869 (Ξεοιηο,
798 2841 825 2864 S.
847 2841 970 2872 Stefana,
997 2849 1022 2872 p.
1048 2848 1087 2871 13,
1111 2842 1118 2864 i
1140 2840 1217 2872 quali
1243 2840 1306 2863 rile-

418 2889 492 2905 vano
513 2889 590 2905 come
610 2890 658 2906 ora
679 2889 726 2914 per
747 2883 773 2906 la
800 2883 892 2913 prima
919 2883 999 2906 volta
1025 2884 1048 2906 si
1076 2883 1165 2906 faccia
1185 2882 1205 2905 il
1226 2889 1307 2905 nome

416 2923 567 2948 dell‘abate
587 2924 630 2947 del
654 2926 815 2948 monastero
836 2925 863 2948 di
890 2925 918 2949 S.
942 2925 1064 2949 Stefano
1091 2925 1166 2948 nella
1187 2931 1308 2956 persona

416 2966 443 2988 di
466 2965 642 2989 Ildebrando.
680 2966 805 2990 Sebbeue
825 2973 873 2998 per
894 2969 1073 2998 congettura,
1095 2967 1177 2990 credo
1198 2966 1248 2990 che
1273 2966 1307 2989 da

1362 2672 1496 2695 Artiucio
1516 2673 1647 2704 ripetano
1668 2672 1774 2696 diretta
1795 2672 1981 2696 discendenzn
1997 2673 2003 2695 i
2019 2674 2062 2695 tre
2078 2671 2185 2696 fratelli
2198 2671 2254 2696 En-

1362 2714 1432 2742 rico,
1454 2713 1566 2737 Litolso
1591 2722 1605 2738 e
1632 2714 1796 2742 Gumbcrto,
1823 2714 1872 2738 che
1897 2714 2116 2745 compariscono
2144 2713 2190 2737 nel
2209 2714 2253 2738 di-

1363 2757 1453 2787 ploma
1474 2756 1621 2787 imperiale
1641 2755 1684 2779 del
1709 2762 1782 2787 1114.
1821 2756 1858 2779 Di
1879 2757 1931 2779 essi
1953 2754 1967 2779 ὲ
1986 2755 2060 2780 fatto
2086 2756 2184 2788 parole
2204 2755 2253 2787 pit:

1362 2799 1439 2821 sotto
1459 2798 1484 2821 al
1506 2805 1565 2829 cap.
1586 2797 1660 2828 VIII,
1685 2803 1772 2829 14-15.

1450 2837 1461 2854 ²
1480 2839 1521 2862 Fu
1536 2839 1712 2870 pubblicuto,
1727 2846 1809 2863 senza
1824 2840 1849 2863 le
1863 2840 2104 2867 autenticazioni,
2118 2839 2164 2863 dal
2180 2838 2254 2863 GLo·

1363 2887 1422 2909 κιΑ,
1445 2882 1506 2905 Cod.
1533 2882 1598 2911 dipl.
1615 2882 1682 2911 pud.
1702 2882 1760 2911 cit.,
1782 2881 1804 2910 1,
1826 2887 1876 2912 ²²9
1896 2888 1945 2913 sg.¹
1967 2889 1992 2905 n.
2014 2888 2073 2905 201.
2109 2880 2153 2905 Cf.
2180 2882 2255 2906 Bau-

1364 2930 1462 2952 mccx,
1485 2924 1556 2947 Ilist.
1578 2925 1650 2952 eccl„
1669 2923 1687 2947 l.
1708 2923 1754 2954 XI,
1783 2924 1839 2947 vol.
1865 2923 1886 2954 Ι,
1913 2930 1979 2954 4²03
2006 2925 2134 2952 CEOLDO.
2154 2924 2254 2948 Alhero

1364 2967 1422 2994 cit.‚
1443 2973 1468 2997 p.
1490 2972 1522 2993 2:
1545 2966 1574 2991 S.
1596 2966 1718 2998 stefano,
1732 2973 1757 2998 p.
1782 2972 1811 2989 12
1833 2973 1872 2997 sg.

2289 912 2319 938 10

2289 1134 2319 1160 15

2287 1354 2322 1381 20

2286 1576 2320 1601 25

2285 1797 2320 1823 30

2283 2018 2318 2046 35

2284 2240 2319 2266 40

2283 2463 2317 2489 45

2285 2719 2316 2737 10

2284 2932 2313 2957 ¹5
