2346 3597
74 407 96 488 ιη’

66 684 96 710 10

62 907 93 934 15

57 1131 94 1157 20

57 1353 90 1379 25

57 1576 93 1604 30

56 2022 92 2049 40

53 2469 89 2496 50

55 2870 90 2896 60

478 155 650 191 GESTA
678 155 985 191 MAGNIFICA
1013 154 1198 190 DOMUS
1229 154 1623 190 CARRARIENSIS
1896 157 1968 191 205

129 288 208 312 dium
227 295 364 320 campum,
384 290 494 322 jacente
513 289 544 312 in
563 288 643 312 dicto
661 287 789 312 confinio
807 287 1011 311 Montissilicis
1024 288 1051 311 et
1065 287 1095 310 in
1109 287 1186 310 dicta
1199 287 1279 315 hora,
1293 287 1464 310 coherebant
1483 288 1509 310 ei
1529 288 1563 311 ab
1583 295 1640 311 uno
1660 287 1748 311 latere
1766 290 1793 311 et
1807 296 1865 311 uno
1879 289 1972 320 capite

130 332 243 356 heredes
262 333 333 357 olim
352 333 447 357 Amici
466 333 500 357 de
519 333 638 361 Vancio.
658 334 684 356 et
704 339 780 356 nunc
799 332 912 356 coheret
930 332 1060 360 Bertelle,
1081 331 1222 363 quondam
1250 331 1388 355 Iohannis
1414 331 1548 359 venetici,
1575 332 1608 355 ab
1630 332 1689 355 alio
1710 332 1797 355 latere
1823 332 1974 356 coherebat

130 376 273 401 Martinus
292 378 422 409 Mecorco
441 377 476 401 de
495 376 615 406 Vancio,
626 378 654 400 et
673 383 749 400 nunc
769 376 883 400 coheret
902 376 1036 399 dominus
1056 375 1206 398 Aventura
1225 374 1259 398 de
1278 373 1425 398 Todescha
1445 374 1478 398 de
1497 374 1687 405 Montesilice,
1709 377 1736 399 et
1756 376 1790 399 ab
1807 376 1866 399 alio
1880 377 1973 408 capite

128 420 176 444 via
195 422 333 445 comunis.
369 421 448 453 Item,
469 422 503 445 de
522 428 577 445 una
591 421 671 452 pecia
689 421 762 444 terre
781 422 887 451 septem
908 427 1070 452 camporum
1084 422 1228 443 aratorum
1243 419 1288 443 vel
1304 419 1386 448 circa,
1399 419 1509 451 jacente
1523 420 1553 443 in
1568 420 1646 443 dicto
1661 420 1794 443 confinio
1808 422 1835 444 et
1850 421 1879 444 in
1894 421 1973 449 hora,

128 472 182 496 que
199 465 305 490 dicitur
324 466 488 495 Vimenaro,
505 465 586 497 juxta
605 464 736 498 paludem
755 464 787 488 de
806 464 970 494 Vimenam,
990 464 1103 488 coheret
1117 463 1144 487 ei
1157 464 1191 487 ab
1212 470 1269 487 uno
1290 463 1383 496 capite
1401 465 1464 496 jura
1477 464 1594 487 ecclesie
1609 471 1628 487 s.
1643 463 1761 488 Martini
1783 464 1816 487 de
1835 463 1973 494 Tribano,

128 511 156 534 et
174 510 208 534 ab
227 511 288 535 alio
307 511 400 543 capite
420 510 582 543 Cambonus
602 509 636 533 de
656 508 824 538 Grimaldis,
844 511 873 533 et
892 509 925 532 ab
939 516 996 532 uno
1017 509 1105 532 latere
1122 508 1242 532 Iacobus
1262 508 1414 532 Bellandus
1429 510 1456 532 et
1476 508 1650 532 Vivaldinus
1666 509 1795 532 notarius
1815 509 1848 533 de
1862 509 1973 533 Monte-

127 554 209 578 silice
228 557 256 579 et
275 556 308 579 ab
329 555 387 579 alio
406 555 492 579 latere
511 554 592 586 palus
612 555 640 578 et
659 554 686 577 d.
705 554 854 577 Aventura
874 553 907 577 de
926 553 1075 577 Todescha
1095 553 1248 584 predictus.
1286 552 1365 580 Item,
1385 552 1418 576 de
1438 560 1494 576 una
1513 552 1593 584 pecia
1613 554 1686 576 terre
1706 553 1831 577 aratorie
1854 553 1973 577 duorum

128 606 291 632 camporum
310 600 355 624 vel
374 600 457 630 circa,
471 600 581 632 jacente
601 598 632 621 in
651 597 782 629 predicto
803 597 934 622 confinio
947 599 976 621 et
990 597 1021 621 in
1036 597 1163 629 predicta
1176 597 1255 626 hora,
1269 597 1383 621 coheret
1396 597 1422 621 ei
1435 597 1469 621 ab
1482 604 1538 621 uno
1552 597 1641 621 latere
1654 597 1821 629 Bergoletus
1835 597 1868 621 de
1882 600 1975 622 castro

127 643 237 672 Brente,
255 644 291 668 ab
309 645 370 668 alio
390 644 541 667 Artiucius
559 641 770 666 Granmicellus
790 642 824 665 de
843 641 1034 671 MontesiHce,
1053 643 1080 665 et
1099 641 1135 665 ab
1154 649 1211 664 uno
1230 641 1324 673 capite
1344 641 1390 665 via
1410 642 1578 670 communis,
1598 642 1625 664 et
1651 641 1684 665 ab
1704 641 1763 665 alio
1783 642 1920 665 Henricus
1941 642 1974 666 de

127 686 246 712 Vancio.
282 688 362 717 Item,
381 688 415 712 de
434 695 491 712 una
509 687 590 720 pecia
610 689 682 712 terre
701 686 807 719 partim
827 686 969 718 pratalive
988 688 1015 710 et
1035 686 1139 718 partim
1159 686 1283 709 aratorie
1308 685 1437 709 undecim
1457 693 1622 718 camporum
1641 687 1669 709 et
1688 686 1775 709 trium
1796 686 1973 718 perticarum,

122 732 234 764 jacente
253 733 284 756 in
304 733 382 757 dicto
400 732 534 756 confinio
553 733 580 756 et
598 731 736 764 Jamdicta
754 731 833 761 hora,
854 731 987 755 coherent
1006 731 1032 754 ei
1051 731 1086 754 ab
1105 737 1164 754 uno
1184 730 1270 754 latere
1290 730 1403 754 heredes
1422 737 1447 761 q.
1468 730 1616 754 Dominici
1636 730 1669 754 de
1688 730 1846 761 Hauchino,
1868 731 1901 754 ab
1915 732 1974 755 aiio

125 777 247 808 predicti
266 777 388 805 heredes,
408 778 436 801 et
455 777 489 801 ab
509 783 568 800 uno
587 776 681 808 capite
702 776 815 808 publica
835 776 974 803 comunis,
993 777 1021 799 et
1046 775 1080 798 ab
1107 774 1166 799 alio
1184 775 1278 806 capite
1305 775 1351 797 via
1376 776 1517 798 comunis.
1552 773 1632 802 Item,
1657 775 1691 798 de
1716 782 1772 798 una
1798 775 1878 807 pecia
1902 778 1975 800 terre

126 822 211 845 trium
231 829 395 855 camporum
414 821 458 846 vel
478 822 561 849 circa,
581 822 691 854 jacente
710 821 740 844 in
760 821 839 845 dicto
860 820 991 844 confinio
1011 821 1039 844 et
1058 819 1089 844 in
1109 820 1186 843 dicta
1205 819 1283 847 hora,
1305 819 1416 843 coheret
1436 819 1462 843 ei
1482 819 1515 843 ab
1535 826 1593 843 uno
1614 819 1700 843 latere
1720 821 1767 843 via
1787 821 1926 850 comunis,
1940 821 1974 844 ab

124 866 184 890 alio
205 867 346 891 Martinus
365 866 492 897 Mecorio
512 866 546 890 de
565 866 685 895 Vancio,
705 867 732 889 et
753 865 788 889 ab
808 872 866 889 uno
892 865 985 897 capite
1010 864 1143 893 Michael,
1170 871 1259 896 nepos
1286 863 1358 887 dicti
1383 863 1514 887 Martini.
1550 863 1629 893 Item,
1656 864 1689 887 de
1714 871 1770 887 una
1796 865 1877 895 pecia
1902 867 1974 889 terre

125 911 210 935 unius
229 911 322 943 campi
341 911 386 934 vel
405 912 491 941 cirea,
507 911 618 943 iacente
637 910 668 934 in
690 910 769 934 dicto
790 909 922 933 confinio
942 911 969 933 et
988 909 1019 932 in
1039 909 1116 933 dicta
1135 909 1214 936 hora,
1235 908 1347 932 coheret
1365 908 1391 932 ei
1410 908 1444 931 ab
1465 915 1522 932 uno
1542 908 1629 932 latere
1654 908 1746 935 fovea,
1766 916 1819 940 que
1840 909 1919 933 vadit
1939 910 1974 933 ad

125 955 271 986 Consilve,
291 956 324 979 de
343 955 402 979 alio
422 956 510 979 latere
531 955 672 979 Martinus
692 954 818 986 Mecorio
838 956 866 977 et
885 953 998 982 Micael,
1015 953 1076 977 eius
1096 960 1195 985 nepos,
1214 955 1241 977 et
1260 953 1294 977 ab
1315 960 1372 977 uno
1393 953 1487 985 capite
1507 953 1652 977 Bellavere
1667 953 1699 977 de
1713 954 1865 977 Bertrame.
1896 954 1975 982 Item,

123 999 158 1023 de
177 1007 234 1024 una
253 1000 329 1032 petia
348 1002 422 1024 terre
441 999 582 1032 pratalive
601 999 697 1023 decem
716 1005 881 1031 camporum
900 1001 928 1022 et
947 998 1079 1022 undecim
1099 998 1273 1030 perticarum
1293 998 1337 1021 vel
1357 998 1439 1028 circa,
1460 998 1571 1030 jacente
1591 998 1621 1022 in
1642 998 1720 1022 dicto
1743 998 1875 1022 confinio
1894 1000 1921 1022 et
1942 999 1972 1022 in

123 1044 200 1068 dicta
218 1045 297 1072 hora,
317 1045 430 1068 coheret
449 1045 474 1068 ei
495 1044 530 1068 ab
549 1051 607 1068 uno
627 1044 716 1067 latere
737 1050 832 1067 versus
852 1043 1000 1067 meridiem
1020 1042 1163 1067 Martinus
1182 1042 1310 1076 Mecorio
1331 1044 1358 1066 et
1378 1042 1512 1070 Michae1‚
1532 1042 1592 1066 eius
1614 1049 1710 1075 nepos,
1724 1045 1751 1066 et
1765 1043 1799 1067 ab
1814 1043 1872 1067 alio
1886 1043 1975 1067 latere

123 1089 246 1113 Facinus
265 1090 299 1113 de
316 1090 429 1120 Braida,
450 1091 478 1114 et
497 1089 532 1113 ab
552 1096 610 1112 uno
631 1088 724 1121 capite
743 1087 894 1112 Rolandus
913 1089 947 1112 de
966 1088 1056 1112 Roma
1077 1088 1110 1112 de
1130 1088 1321 1117 Montesilice,
1335 1089 1363 1111 et
1377 1088 1410 1111 ab
1424 1087 1484 1112 alio
1498 1087 1645 1112 Bellavere
1659 1088 1692 1112 de
1706 1088 1857 1112 Bertrame.
1896 1088 1974 1118 Item,

125 1133 158 1157 de
176 1141 234 1158 una
252 1135 333 1166 pecia
351 1136 426 1158 terre
446 1133 587 1166 pratalive
606 1133 715 1165 viginti
734 1139 784 1157 sex
803 1139 978 1165 camporum,
998 1132 1170 1165 perticarum
1189 1140 1239 1156 sex
1258 1134 1285 1156 et
1304 1133 1495 1164 quadraginta
1514 1132 1676 1156 tabularum
1698 1132 1741 1156 vel
1761 1134 1844 1164 circa,
1864 1134 1973 1165 jacente

122 1178 154 1201 in
174 1178 254 1203 dicto
273 1178 407 1203 confinio
426 1179 454 1202 et
473 1178 504 1202 in
525 1178 602 1202 dicta
621 1177 701 1206 hora,
719 1177 835 1201 coheret
859 1177 885 1201 ei
912 1177 946 1201 ab
965 1184 1023 1201 uno
1044 1177 1132 1201 latere
1152 1177 1295 1209 Ugolinus
1321 1176 1467 1207 Tartarus,
1493 1177 1526 1200 ab
1546 1176 1606 1200 alio
1630 1177 1718 1201 latere
1744 1177 1915 1201 Gumbertus
1941 1177 1974 1201 de

122 1222 235 1253 Braida,
253 1224 281 1247 et
299 1223 334 1246 ab
353 1230 414 1247 uno
433 1222 527 1255 capite
548 1222 594 1246 via
613 1222 752 1250 comunis,
771 1223 800 1245 et
819 1222 852 1245 ab
873 1222 932 1245 alio
951 1221 1109 1246 Belhovere
1128 1222 1162 1246 de
1183 1222 1334 1245 Bertrame.
1370 1220 1451 1249 Item,
1472 1220 1505 1244 de
1524 1222 1601 1254 petia
1627 1229 1683 1245 una
1706 1223 1780 1245 terre
1806 1229 1970 1254 camporum

121 1267 215 1291 decem
234 1270 262 1292 et
281 1267 398 1292 dimidii
417 1267 463 1291 vel
482 1267 568 1297 circa,
586 1267 698 1300 jacente
718 1267 748 1290 in
769 1266 849 1291 dicto
869 1266 1011 1297 confinio,
1030 1266 1144 1290 coheret
1163 1266 1190 1290 ei
1209 1266 1243 1290 ab
1262 1273 1320 1289 uno
1339 1265 1428 1290 latere
1447 1265 1599 1290 Rolandus
1619 1266 1652 1290 de
1673 1266 1786 1294 Braida,
1806 1268 1833 1290 et
1859 1266 1893 1290 ab
1914 1267 1973 1291 alio

122 1310 295 1336 Gumbertus
313 1313 348 1336 de
366 1311 479 1341 Braida,
499 1313 527 1336 et
545 1311 580 1335 ab
600 1319 659 1335 uno
678 1311 772 1343 capite
792 1311 942 1335 coherebat
962 1312 989 1335 d.
1009 1312 1110 1335 Petrus
1130 1310 1226 1334 Bonus
1250 1310 1283 1334 de
1306 1310 1521 1343 Mangaspiss1s,
1541 1312 1569 1334 et
1588 1311 1622 1334 ab
1642 1310 1703 1334 alio
1723 1311 1770 1334 via
1790 1312 1971 1335 consorcium

121 1355 201 1386 Item,
220 1356 254 1381 de
273 1364 328 1381 una
348 1357 428 1389 pecia
445 1358 521 1381 terre
539 1357 664 1380 aratorie
683 1356 807 1387 quinque
827 1363 990 1388 camporum
1010 1356 1055 1380 vel
1076 1356 1158 1384 circa,
1171 1356 1282 1388 jacente
1295 1355 1325 1378 in
1342 1355 1474 1379 confinio
1488 1354 1646 1386 Pernumie,
1663 1356 1693 1379 in
1707 1355 1786 1384 hora,
1799 1363 1853 1387 que
1866 1355 1975 1380 dicitur

121 1399 246 1425 Sablone
265 1402 298 1425 de
318 1401 481 1430 Vimenaro,
501 1401 652 1425 coherebat
670 1401 697 1424 ei
715 1401 751 1424 ab
766 1407 824 1425 uno
845 1401 933 1424 latere
953 1401 980 1425 d.
1000 1401 1099 1424 Petrus
1119 1399 1222 1425 Comes
1241 1399 1274 1423 de
1295 1399 1438 1430 Carraria,
1459 1401 1487 1424 et
1507 1407 1581 1424 nunc
1602 1400 1716 1424 coheret
1729 1401 1755 1424 d.
1775 1400 1920 1433 Papasava
1941 1401 1974 1425 de

121 1445 263 1475 Carraria,
282 1447 342 1470 eius
361 1446 450 1476 heres,
467 1446 502 1470 ab
519 1446 581 1470 alio
601 1445 689 1469 latere
709 1445 824 1470 coheret
843 1445 983 1478 Ugolinus
1004 1445 1151 1473 Tartarus,
1170 1445 1205 1468 ab
1219 1451 1277 1468 uno
1292 1445 1387 1476 capite
1406 1443 1580 1476 Guicamora
1594 1444 1628 1468 de
1640 1444 1804 1475 Pernumia,
1823 1447 1850 1468 et
1865 1446 1897 1469 ab
1911 1445 1971 1470 alio

122 1490 215 1523 capite
232 1491 280 1514 via
299 1491 439 1515 comunis.
473 1490 554 1519 Item,
576 1491 610 1514 de
628 1497 686 1514 una
706 1491 787 1523 peciv.
806 1492 879 1514 terre
898 1490 1022 1514 aratorie
1039 1491 1163 1521 quatuor
1181 1496 1357 1521 camporum,
1376 1489 1496 1513 duarum
1515 1490 1687 1522 perticarum
1707 1491 1735 1513 et
1754 1489 1915 1513 tabularum
1930 1491 1972 1513 vi-

121 1535 198 1566 ginti
217 1537 339 1567 quatuor
358 1536 403 1559 vel
421 1536 508 1566 circa,
528 1536 640 1568 jacente
659 1535 689 1559 in
711 1535 790 1559 dicto
811 1535 945 1559 confinio
964 1535 1118 1559 Pernumie
1136 1535 1164 1558 et
1176 1534 1208 1558 in
1223 1534 1301 1558 dicta
1314 1534 1395 1564 hora,
1409 1534 1524 1558 coheret
1543 1534 1578 1557 ab
1592 1541 1650 1558 uno
1665 1534 1753 1558 latere
1772 1535 1922 1558 Bastianus
1938 1535 1971 1559 de

124 1579 284 1611 Pernumia,
303 1582 331 1605 et
349 1580 384 1604 ab
403 1580 462 1605 alio
482 1580 632 1604 coherebat
651 1580 679 1604 d.
698 1580 798 1604 Petrus
818 1579 921 1604 Comes
941 1580 975 1604 de
995 1579 1129 1604 Carraria
1148 1581 1176 1604 et
1196 1586 1271 1603 nunc
1290 1579 1405 1603 coheret
1425 1580 1451 1603 d.
1470 1579 1625 1612 Papafava,
1644 1580 1705 1603 eius
1718 1579 1806 1603 heres.
1844 1580 1922 1611 Item,
1939 1581 1973 1604 de

121 1631 178 1648 una
196 1625 276 1656 pecia
294 1626 368 1649 terre
387 1625 512 1649 aratorie
526 1625 614 1649 trium
627 1631 792 1656 camporum
806 1624 852 1648 vel
865 1625 949 1655 circa,
968 1625 1078 1657 jacente
1094 1625 1123 1648 in
1138 1624 1272 1648 confinio
1286 1623 1501 1653 Montissilicis,
1516 1625 1545 1648 in
1560 1624 1640 1652 horay
1654 1631 1707 1655 que
1720 1624 1826 1648 dicitur
1839 1623 1972 1653 Corolus,

122 1669 235 1693 coheret
253 1670 279 1693 ei
297 1670 330 1693 ab
350 1676 409 1693 uno
429 1669 518 1694 latere
538 1669 564 1693 d.
584 1670 788 1694 Bonaventura
807 1669 841 1693 de
860 1669 1010 1693 Todescha
1030 1669 1062 1693 de
1082 1668 1274 1697 Montesilice,
1293 1668 1328 1692 ab
1350 1669 1409 1693 alio
1429 1669 1518 1693 latere
1537 1669 1601 1700 jura
1619 1669 1737 1693 ecclesie
1757 1676 1776 1693 s.
1797 1669 1918 1693 Matthei
1938 1669 1971 1693 de

120 1713 241 1745 Vannio,
261 1716 289 1738 et
308 1714 342 1738 ab
361 1721 419 1738 uno
437 1714 533 1746 capite
551 1713 734 1744 Vivaldinus,
749 1715 888 1744 notarius,
903 1714 937 1738 de
950 1713 1133 1738 Montesilice
1152 1715 1180 1737 et
1192 1713 1310 1737 Iacobus
1329 1713 1493 1743 Bellandus,
1506 1715 1533 1737 et
1548 1714 1581 1737 ab
1595 1714 1654 1737 alio
1668 1714 1762 1746 capite
1780 1713 1923 1738 Martinus
1937 1714 1971 1738 de

121 1757 258 1783 Sanitate.
289 1756 351 1786 Que
369 1758 510 1782 sedimina
529 1765 592 1782 cum
612 1758 744 1782 domibus
765 1760 792 1782 et
811 1765 879 1790 quas
900 1759 993 1791 pecias
1014 1760 1152 1782 terrarum
1172 1760 1200 1781 et
1218 1758 1294 1782 bona
1314 1760 1341 1782 et
1360 1758 1555 1790 possessiones
1574 1758 1702 1790 prefatus
1722 1758 1748 1781 d.
1762 1758 1930 1782 Franciscus
1945 1766 1970 1790 q.

123 1803 149 1826 cl.
169 1801 270 1828 Uberti
289 1803 323 1827 de
341 1802 493 1827 Bocadava
511 1803 634 1827 asseruit
652 1810 716 1827 suas
736 1810 795 1827 esse
813 1804 842 1827 et
863 1803 899 1827 ad
925 1810 954 1827 se
980 1803 1121 1835 pertinere
1140 1804 1201 1835 J'ure
1220 1802 1346 1826 dominii
1365 1802 1468 1827 directi
1487 1804 1515 1826 et
1535 1803 1720 1835 proprietatis
1739 1804 1766 1826 et
1785 1810 1802 1826 a
1827 1810 1855 1826 se
1880 1804 1972 1827 teneri

122 1846 199 1872 dixit
217 1847 252 1872 ad
272 1847 403 1872 libellum
423 1855 472 1880 per
490 1848 517 1871 d.
537 1847 715 1872 Aventuram
741 1848 774 1872 de
799 1848 928 1872 Todesca
953 1848 987 1872 de
1012 1847 1204 1875 Montesilice,
1224 1849 1252 1872 et
1275 1847 1397 1872 reddunt
1423 1847 1503 1871 omni
1529 1855 1605 1871 anno
1631 1849 1658 1871 et
1685 1848 1837 1871 annuatim
1864 1847 1972 1880 viginti

121 1891 235 1916 modios
254 1892 400 1925 paduanos
419 1893 489 1917 boni
509 1892 646 1916 frumenti
660 1892 758 1917 mundi
773 1894 801 1917 et
814 1893 936 1924 concuti,
951 1900 1014 1917 cum
1029 1893 1170 1925 capitibus
1185 1893 1347 1917 modiorum
1359 1893 1470 1923 culmis,
1482 1893 1572 1917 tercia
1587 1893 1633 1916 die
1647 1894 1713 1917 ante
1727 1893 1772 1916 vel
1787 1895 1853 1924 post
1869 1893 1970 1917 festum

123 1943 146 1961 s.
164 1936 254 1960 Marie
273 1937 307 1961 de
326 1937 420 1961 medio
441 1938 571 1969 augusto,
591 1939 675 1969 prout
694 1937 725 1961 in
744 1937 938 1962 instrumento
960 1937 1052 1961 libelli
1073 1937 1181 1969 scripto
1208 1939 1236 1961 et
1262 1937 1340 1962 sacto
1366 1945 1415 1970 per
1442 1937 1607 1967 Vivianum,
1632 1945 1658 1968 q.
1682 1937 1773 1961 Marci
1800 1937 1970 1966 Calcatcrre,

121 1981 274 2012 notarium,
287 1983 461 2012 continetur,
481 1981 562 2006 salvo
582 1983 677 2006 tamen
696 1982 758 2015 jure
775 1981 917 2006 libellarii
937 1982 1105 2014 supradicti,
1125 1990 1156 2006 ea
1176 1989 1243 2006 vero
1264 1983 1379 2006 racione
1398 1984 1429 2006 ut
1449 1989 1463 2006 a
1477 1983 1563 2006 modo
1583 1981 1728 2014 predictus
1748 1982 1773 2005 d.
1793 1982 1971 2012 Franciscus,

121 2033 148 2057 q·
167 2026 194 2050 d.
213 2025 291 2050 Petri
309 2024 443 2056 Comitis,
462 2027 574 2059 emptor
593 2027 710 2058 eiusque
728 2026 851 2058 heredes¹
866 2029 916 2051 aut
929 2029 975 2051 cui
991 2027 1036 2051 vel
1050 2027 1152 2058 quibus
1166 2027 1286 2057 dederit,
1303 2028 1367 2060 jura
1381 2035 1430 2051 sua
1444 2027 1564 2051 debeant
1578 2027 1742 2059 supradicta
1756 2027 1896 2051 sedimina
1910 2034 1971 2051 cum

120 2070 254 2095 domibus
272 2073 300 2095 et
319 2071 448 2095 edificiis
466 2072 495 2095 et
514 2070 655 2104 predictas
675 2072 768 2104 pecias
788 2073 927 2095 terrarum
948 2073 975 2095 et
993 2071 1069 2096 bona
1089 2074 1116 2095 et
1136 2072 1331 2104 possessiones
1351 2074 1379 2096 et
1398 2073 1461 2104 jura
1482 2072 1516 2095 ad
1543 2072 1690 2104 proprium
1716 2072 1744 2095 et
1769 2072 1830 2104 jure
1858 2073 1971 2104 proprii

119 2116 148 2139 et
165 2116 293 2147 expediti
313 2116 418 2140 allodii
437 2116 547 2145 habere,
565 2117 660 2140 tenere
679 2118 707 2140 et
727 2117 871 2149 possidere
890 2124 1057 2148 omnemque
1077 2124 1156 2141 suam
1176 2117 1356 2141 voluntatem
1375 2119 1402 2141 et
1422 2117 1579 2141 utilitatem
1599 2124 1633 2141 ex
1652 2117 1693 2140 eis
1714 2117 1805 2140 facere
1823 2119 1850 2141 et
1870 2117 1971 2141 habere

121 2159 223 2191 absque
240 2160 332 2193 ipsius
351 2161 378 2184 d.
397 2161 555 2191 Francisci,
574 2168 600 2192 q.
619 2161 646 2185 d.
666 2161 767 2185 Uberti
785 2161 819 2185 de
839 2161 998 2191 Bocadava,
1018 2163 1045 2186 et
1065 2169 1180 2186 suorum
1200 2162 1332 2186 heredum
1353 2161 1570 2186 contradicione
1589 2163 1618 2185 et
1637 2161 1822 2194 repeticione,
1836 2169 1892 2186 una
1906 2169 1969 2186 cum

120 2205 338 2234 accessionibus,
358 2205 595 2237 lngressionibus,
616 2206 788 2230 introitibus
808 2207 835 2230 et
854 2207 990 2235 exitibus,
1015 2207 1081 2237 viis,
1107 2207 1304 2235 servitutibus,
1329 2207 1419 2238 aquis,
1446 2214 1597 2238 aequarum
1617 2206 1759 2237 ductibus,
1782 2207 1915 2230 stillariis
1941 2209 1969 2231 et

119 2249 292 2280 stillicidiis,
310 2249 431 2282 capulis,
450 2250 584 2281 pasculis,
597 2250 711 2282 amplis,
724 2251 940 2281 venacionibus‚
956 2251 1181 2283 piscacionibus,
1194 2251 1401 2281 alluvionibus,
1415 2252 1509 2283 postis
1522 2253 1550 2275 et
1562 2251 1700 2284 postillis,
1721 2251 1793 2283 ripis
1807 2252 1834 2275 et
1848 2252 1971 2283 rupinis,

119 2301 180 2317 cum
206 2295 400 2327 mariganciis,
425 2294 615 2323 districtibus,
641 2295 827 2320 comitatibus
852 2297 880 2320 et
905 2296 974 2320 aliis
999 2296 1167 2325 honoribus,
1194 2304 1256 2320 curn
1282 2297 1476 2329 superioribus
1500 2299 1528 2320 et
1554 2296 1743 2320 inferioribus
1768 2297 1837 2327 suis,
1859 2298 1886 2320 et
1905 2304 1968 2320 cum

120 2339 252 2363 omnibus
271 2339 339 2363 aliis
357 2339 415 2364 suis
435 2339 545 2372 juribus
564 2341 592 2363 et
611 2340 801 2372 appendiciiS‚
821 2340 996 2365 adiacenciis
1015 2342 1042 2365 et
1063 2341 1251 2373 pertinenciis
1277 2342 1361 2372 atque
1385 2348 1449 2364 cum
1474 2341 1553 2364 omni
1579 2341 1641 2373 jure
1659 2342 1686 2364 et
1706 2341 1821 2364 actione
1846 2341 1917 2364 reali
1941 2343 1968 2365 et

118 2384 265 2415 personali
283 2383 371 2408 dictis
389 2384 578 2408 sediminibus
598 2392 661 2408 cum
680 2384 814 2410 domibus
832 2386 860 2409 et
880 2385 1007 2409 edificiis
1026 2388 1054 2409 et
1075 2386 1164 2417 peciis
1183 2387 1321 2410 terrarum
1341 2385 1367 2410 et
1387 2385 1624 2418 possessionibus,
1645 2385 1774 2409 dominio
1794 2387 1821 2409 et
1842 2387 1969 2417 proprie-

119 2430 188 2458 tate,
208 2428 320 2460 sibique
338 2435 390 2462 pro
409 2429 450 2453 eis
463 2429 493 2453 in
508 2429 654 2460 integrum
673 2430 885 2462 pertinentibus
897 2431 926 2454 et
938 2431 1177 2462 competentibus.
1212 2430 1327 2459 Dicens,
1346 2437 1473 2454 asserens
1487 2432 1513 2453 et
1527 2429 1669 2453 affirmans
1683 2429 1827 2461 predictus
1843 2430 1868 2454 d.
1882 2429 1968 2454 Fran-

119 2472 212 2498 cincus
231 2480 256 2504 q.
276 2472 376 2498 Uberti
395 2473 430 2498 de
448 2473 608 2504 Bocadava,
628 2474 773 2502 venditor,
793 2475 920 2507 predicta
940 2475 1081 2499 sedimina
1099 2482 1162 2499 cum
1182 2474 1315 2498 domibus
1328 2476 1356 2498 et
1369 2475 1496 2498 edificiis
1510 2476 1538 2498 et
1551 2474 1692 2506 predictas
1707 2476 1801 2507 pecias
1820 2476 1968 2505 terrarum,

119 2516 196 2540 bona
213 2518 242 2541 et
260 2518 455 2550 possessiones
476 2525 539 2542 cum
559 2518 786 2550 proprietatibus
805 2520 834 2542 et
853 2518 985 2542 dominio
1006 2519 1133 2551 ipsorum
1154 2521 1181 2542 et
1203 2521 1328 2551 ipsarum
1347 2519 1420 2542 nulli
1443 2519 1494 2542 alii
1515 2518 1577 2542 fore
1596 2519 1672 2547 data,
1698 2519 1823 2549 vendita,
1852 2519 1967 2547 tradita,

119 2561 258 2594 obligata,
276 2562 412 2593 alienata,
431 2563 538 2587 donata
558 2564 607 2587 aut
626 2563 725 2594 aliquo
746 2563 834 2587 modo
853 2563 1012 2587 obnoxiata
1032 2564 1062 2587 in
1083 2565 1176 2588 totum
1206 2564 1247 2587 vel
1275 2564 1304 2587 in
1332 2565 1440 2595 partem
1468 2565 1516 2587 aut
1542 2563 1712 2595 particulam
1741 2565 1797 2587 nisi
1824 2563 1914 2587 eidem
1941 2565 1967 2587 d.

117 2605 282 2636 Francisco,
301 2614 327 2638 q.
347 2607 373 2631 d.
393 2606 471 2631 Petri
492 2606 625 2635 Comitis,
644 2607 780 2639 emptori,
799 2608 887 2632 titulo
906 2608 1099 2636 vendicionis,
1118 2610 1149 2632 ut
1164 2610 1205 2632 est
1225 2615 1396 2639 expressum,
1411 2610 1438 2631 et
1452 2608 1476 2631 si
1491 2608 1576 2631 aliter
1590 2608 1760 2639 reperiretur
1774 2608 1836 2631 fore
1852 2607 1966 2636 factum,

119 2658 169 2682 per
186 2651 406 2683 stipulationem
426 2652 561 2684 promisit
580 2651 660 2676 dicto
675 2652 702 2676 d.
715 2651 878 2683 Francisco,
893 2660 920 2684 q.
934 2653 1005 2677 dicti
1026 2653 1051 2676 d.
1066 2653 1143 2677 Petri
1159 2652 1293 2681 Comitis,
1306 2652 1440 2684 emptori.
1455 2653 1547 2684 ipsum
1561 2653 1676 2683 eiusque
1689 2652 1806 2676 heredes
1820 2652 1966 2677 indemnes

118 2701 288 2720 conservare
307 2702 356 2728 per
373 2703 401 2720 se
426 2703 547 2728 suosque
571 2696 685 2721 heredes
711 2698 738 2720 et
765 2697 794 2720 in
822 2697 949 2726 liberam,
969 2704 1087 2722 vacuam
1107 2699 1134 2721 et
1153 2697 1317 2729 expeditam
1336 2697 1546 2729 possessi0nem
1567 2697 1694 2728 ipsorum
1714 2696 1885 2720 sediminum
1905 2705 1965 2720 cum

119 2739 250 2764 domibus
268 2741 297 2764 et
315 2740 468 2772 peciarum,
487 2742 626 2765 terrarum
645 2741 673 2764 et
691 2741 904 2773 possessionum
923 2743 951 2766 et
971 2743 1177 2774 proprietatum
1205 2741 1346 2769 inducere,
1374 2748 1479 2773 ponere
1503 2744 1532 2765 et
1558 2742 1741 2765 manutenere
1767 2744 1795 2765 et
1816 2741 1965 2765 inductum

117 2783 274 2809 deffendere
291 2785 351 2809 suis
371 2785 497 2817 propriis
517 2785 676 2818 sumptibus
696 2788 723 2809 et
742 2786 874 2817 expensis
893 2786 945 2810 sub
965 2793 1037 2818 pena
1057 2786 1136 2818 dupli
1158 2785 1230 2810 dicti
1251 2787 1349 2818 precii,
1369 2786 1475 2814 damni,
1494 2787 1521 2809 et
1535 2786 1679 2816 interesse,
1701 2787 1728 2809 et
1749 2793 1810 2809 cum
1831 2786 1965 2810 omnibus

118 2830 251 2860 expensis
270 2829 336 2853 inde
356 2830 506 2859 faciendis,
525 2830 666 2854 credendo
687 2830 721 2854 de
741 2831 906 2862 quantitate
924 2831 1030 2859 damni,
1049 2831 1186 2855 interesse
1204 2833 1232 2855 et
1251 2837 1437 2863 expensarum
1457 2830 1514 2854 soli
1536 2830 1622 2854 verbo
1642 2830 1733 2862 ipsius
1758 2832 1895 2862 emptoris
1922 2831 1965 2854 vel

121 2873 237 2898 alterius
256 2874 292 2898 ab
309 2881 344 2898 eo
363 2881 476 2898 causam
494 2875 625 2899 habentis
644 2875 748 2906 absque
769 2877 945 2899 sacramento
965 2877 993 2899 et
1006 2875 1062 2900 alia
1076 2876 1259 2907 probacione‚
1277 2882 1341 2898 cum
1355 2875 1537 2907 obligacione
1551 2875 1679 2899 omnium
1693 2881 1810 2898 suorum
1823 2875 1963 2899 bonorum

119 2917 295 2949 presencium
314 2919 343 2942 et
362 2918 533 2948 futurorum,
553 2925 606 2950 que
626 2926 678 2950 pro
697 2919 776 2943 dicto
795 2921 923 2951 tempore
944 2926 972 2943 se
991 2919 1146 2944 constituit
1166 2919 1318 2951 possidere.
1355 2919 1390 2942 Et
1409 2919 1432 2942 si
1453 2918 1582 2950 predicta
1596 2919 1737 2944 sedimina
1751 2926 1814 2943 cum
1835 2918 1965 2943 domibus
