2346 3597
25 714 58 741 10

25 937 55 964 15

14 1427 48 1453 25

10 1649 46 1677 30

6 1873 40 1899 35

0 2179 40 2210 40

5 2897 36 2914 10

443 183 615 219 GESTA
644 183 943 219 MAGNIFICA
977 184 1160 219 DOMUS
1190 185 1579 221 CARRARIENSIS

180 317 212 340 In
233 318 350 340 nomine
368 317 476 340 domini
497 317 551 340 Dei
571 317 671 341 eterni.
708 316 797 340 Anno
816 317 851 340 ab
871 317 1077 341 incarnacione
1096 317 1218 340 Domini
1246 318 1336 341 nostri
1365 319 1519 341 centesimo
1540 326 1627 347 nono,
1648 320 1749 351 quinto
1775 321 1820 344 die
1841 323 1932 346 intro-

86 363 174 394 ,eunte
193 361 284 390 iunio,
304 361 451 385 indicione
470 361 600 390 secunda,
620 361 789 385 monasterii
808 361 906 385 Sancti
925 360 1052 390 Stefl'ani,
1073 363 1129 385 sito
1149 362 1180 384 in
1201 363 1267 385 vico
1288 361 1433 386 Carraria.
1469 363 1527 386 Nos
1547 363 1661 393 quidem
1680 365 1709 387 in
1730 365 1783 388 Dei
1803 367 1932 399 omnipo-

91 407 179 429 tentis
198 405 315 429 nomine
334 405 475 434 Marsilio,
496 405 556 429 filio
577 405 719 436 quondam
740 404 834 435 Mino,
853 405 886 429 de
905 406 971 429 loco
991 405 1134 433 Carraria,
1155 407 1182 429 et
1202 405 1348 434 Richelda,
1370 407 1458 429 mater
1478 408 1504 430 et
1523 406 1594 436 filio,
1614 415 1671 431 una
1690 416 1751 432 cum
1766 411 1858 433 tutore
1871 417 1930 438 su0,

89 450 237 480 llenricus,
256 450 434 483 presentibus
455 450 531 474 dixi:
552 449 715 481 “Quisquis
735 450 765 473 in
786 451 893 474 sanctis
914 458 945 474 ac
964 451 1177 474 venerabilibus
1197 451 1270 474 locis
1284 458 1318 474 ex
1333 450 1392 474 suis
1413 451 1523 481 aliquid
1542 452 1699 476 contulerit
1719 454 1809 481 rebus,
1830 455 1859 477 in
1880 455 1931 478 hoc

90 496 102 507 ‘¹
113 495 216 524 seculo,
236 495 400 526 centuplum
419 495 549 527 accipiet,
569 495 695 526 insuper,
715 495 791 526 quod
811 495 914 519 melius
933 496 985 525 est,
1004 496 1093 519 vitam
1114 495 1272 527 possidebit
1291 497 1416 518 eternam
1429 513 1452 527 „.
1488 495 1612 526 Ideoque
1633 503 1694 526 nos,
1708 505 1825 528 quorum
1846 506 1930 530 supra

90 539 222 563 Marsilio
241 540 269 563 et
286 539 433 567 Richelda,
453 540 542 563 mater
561 541 589 562 et
606 538 676 569 filio,
697 540 745 570 qui
765 539 888 571 professi
908 546 1003 563 sumus
1022 547 1073 563 nos
1094 540 1154 571 lege
1175 541 1271 563 vivere
1290 538 1557 571 Longobardorum,
1579 540 1717 564 donamus
1737 544 1819 573 atque
1839 543 1931 567 offeri-

89 591 149 607 mus
168 591 220 615 pro
239 584 334 607 anime
353 585 450 607 nostre
469 585 496 606 et:
515 590 567 615 pro
587 584 682 607 anima
702 583 835 607 Millonis
855 584 945 615 patris
966 585 1056 608 nostri
1078 585 1212 614 mercede,
1230 584 1272 607 hii
1293 586 1360 608 sunt
1380 584 1542 608 massaricie
1559 584 1620 613 due,
1634 592 1703 616 quas
1717 593 1769 609 nos
1787 586 1888 611 habere
1903 591 1929 611 et

88 628 234 659 possidere
254 628 306 652 visi
327 635 422 651 sumus
441 628 471 651 in
491 628 555 651 loco
575 629 603 651 et
620 628 710 652 fundo
729 627 880 652 Pernumia
900 630 928 652 et
947 629 978 652 in
992 628 1174 661 Bradepalea,
1196 629 1225 652 in
1248 627 1409 657 Pernumia,
1429 629 1515 652 sicuti
1536 631 1577 652 est
1598 631 1672 653 recta
1693 633 1719 653 et
1734 630 1861 655 laborata
1882 640 1929 664 per

86 672 218 703 Henrico,
240 674 269 696 in
289 673 470 705 Bradepalea,
489 673 574 696 sicuti
595 674 637 696 est
658 675 733 696 recta
753 681 801 705 per
820 672 914 697 Adam
933 675 1073 701 trentino,
1093 673 1195 697 liberis
1214 673 1388 697 hominibus.
1427 673 1489 701 Que
1508 676 1600 697 autem
1621 677 1812 707 suprascripte
1826 684 1928 700 massa-

90 718 159 740 ricie
176 717 249 750 juris
269 718 376 740 nostris
396 718 524 749 superius
538 717 614 741 dicte
627 724 682 741 una
696 725 758 741 cum
773 719 935 742 accessione
948 719 975 741 et
989 719 1116 749 ingresso
1131 725 1177 741 seu
1193 725 1256 741 cum
1269 718 1464 749 superioribus
1479 720 1506 741 et
1522 718 1709 742 inferioribus
1724 721 1792 748 suis,
1805 721 1927 751 qualiter

87 769 171 793 supra
190 762 306 793 legitur,
326 763 355 785 in
375 762 518 794 integrum
539 762 574 785 ab
593 762 645 785 hac
660 762 705 785 die
719 763 747 785 in
762 763 861 786 eodem
880 762 1056 786 monasterio
1076 762 1111 785 ad
1125 761 1283 785 habendum
1299 762 1445 790 confirmo,
1462 763 1621 786 faciendum
1636 764 1739 787 exinde
1752 772 1817 795 pars
1838 766 1926 796 ipsius

86 807 264 834 monasterii,
284 807 333 830 aut
352 807 397 830 cui
418 814 483 839 pars
502 806 595 838 ipsius
615 808 784 830 monasterii
805 806 924 835 dederit,
943 806 1082 838 quidquid
1105 806 1237 836 voluerit,
1259 806 1320 830 sine
1340 807 1420 830 omni
1440 809 1538 830 nostra
1564 809 1590 831 et
1610 808 1743 831 heredum
1764 811 1924 832 nostrorum

85 850 326 875 contradictione.
364 849 488 878 Quidem
507 851 700 882 expondemus
719 853 803 882 atque
822 851 1019 882 promittimus
1043 857 1106 878 neS,
1132 857 1253 881 quorum
1280 857 1365 883 supra
1391 854 1480 874 mater
1506 853 1534 875 et
1559 851 1629 879 filio,
1650 859 1705 876 una
1731 860 1792 876 cum
1820 855 1926 877 nostris

85 895 236 920 heredibus
255 896 329 928 parti
350 896 439 927 ipsius
459 896 639 924 monasterii,
658 897 707 920 aut
727 896 772 919 cui
792 903 856 928 pars
876 896 966 927 ipsius
987 896 1155 918 monasterii
1176 894 1296 923 dederit,
1316 895 1440 926 qualiter
1459 897 1589 928 superius
1610 896 1724 927 legitur,
1739 898 1767 920 in
1783 898 1923 929 integrum

84 940 118 964 ab
131 941 210 964 omni
230 940 346 964 homine
366 940 522 965 defensare.
554 938 639 967 Quod
661 941 684 964 si
705 940 855 964 defendere
870 947 928 964 non
942 940 1130 972 potuerimus,
1144 942 1194 963 aut
1208 939 1232 963 si
1245 940 1322 972 parti
1342 941 1433 972 ipsius
1447 942 1614 964 monasterii
1629 941 1742 972 aliquid
1756 949 1804 974 per
1824 944 1926 973 quovis

86 986 233 1016 ingenium
252 985 416 1009 subtrahere
435 983 629 1016 quesierimus,
649 986 717 1008 tunc
737 986 766 1008 in
787 985 902 1017 duplum
923 985 1040 1008 eandem
1060 984 1240 1008 offersionem
1260 985 1335 1015 parti
1357 984 1448 1016 ipsius
1463 985 1631 1009 monasterii
1647 986 1838 1014 restituamus,
1851 988 1926 1011 sicut

85 1037 137 1061 pro
156 1031 283 1062 tempore
302 1030 389 1054 suerit
408 1030 559 1054 meliorata
580 1032 628 1054 aut
648 1029 773 1053 valuerit
791 1030 841 1053 sub
862 1030 1048 1053 estimacione
1068 1030 1097 1053 in
1112 1029 1316 1053 consimilibus
1336 1030 1419 1053 locis.
1457 1031 1535 1054 Hanc
1550 1031 1625 1054 enim
1641 1033 1745 1054 cartam
1762 1032 1924 1056 offersionis

84 1075 219 1106 paginam
238 1074 370 1104 Gerardi,
389 1074 498 1098 notarii
517 1075 588 1098 sacri
610 1074 724 1105 palacii,
744 1073 852 1097 tradidi
874 1075 901 1097 et
921 1074 1041 1097 scribere
1063 1075 1174 1105 rogavi,
1198 1075 1227 1098 in
1254 1081 1309 1104 qua
1334 1074 1380 1098 hic
1407 1076 1494 1098 etiam
1522 1075 1619 1099 subtus
1648 1075 1819 1100 confirmans
1845 1078 1923 1100 tcsti-

83 1119 189 1150 busque
208 1119 301 1144 obtuli
320 1119 354 1143 ad
376 1118 576 1143 roborandum.

170 1163 273 1188 Actum
295 1165 324 1187 in
345 1163 486 1190 Carraria,
507 1163 638 1187 feliciter.

169 1208 287 1240 Signum
301 1208 318 1239 †
331 1209 348 1239 †
361 1207 379 1238 †
393 1214 526 1232 manuum
545 1209 803 1239 suprascriptorum
824 1207 949 1231 Marsilii
970 1210 997 1232 et
1016 1207 1161 1238 Richelde,
1181 1209 1262 1232 matri
1284 1210 1312 1232 et
1326 1208 1397 1238 filio,
1411 1209 1460 1240 qui
1475 1209 1591 1232 insimul
1604 1216 1668 1233 cum
1681 1210 1815 1239 Henrico,
1829 1212 1922 1235 tutore

81 1260 141 1279 suo.
160 1253 233 1277 hanc
253 1255 358 1277 cartam
379 1252 542 1276 offersionis
561 1252 620 1275 fieri
641 1254 824 1283 rogaverunt,
843 1254 875 1276 ut
894 1260 988 1284 supra.

168 1297 287 1329 Signum
307 1297 324 1327 †
342 1296 360 1327 †
378 1297 396 1327 †
416 1303 530 1320 manum
549 1297 683 1325 Henrico,
703 1297 847 1329 Ugueone,
868 1296 983 1329 Ugerio,
1006 1297 1120 1327 Uberto,
1141 1297 1238 1328 Mello,
1261 1298 1390 1321 viventes
1412 1298 1472 1330 lege
1493 1299 1759 1330 Longobardorum,
1779 1302 1874 1324 testes.

167 1342 228 1374 Ego
248 1343 294 1373 qui
315 1349 399 1374 supra
419 1341 570 1370 Gerardus,
592 1342 722 1366 notarius
742 1343 814 1366 sacri
835 1342 951 1374 palacii,
971 1342 1056 1366 huius
1076 1344 1151 1366 carte
1172 1342 1335 1366 offersionis
1355 1344 1457 1374 scripsi
1476 1346 1504 1366 et
1524 1345 1589 1375 post
1608 1344 1744 1368 traditam
1770 1345 1920 1377 complevi.

166 1431 226 1462 Ego
245 1431 271 1462 [*
283 1430 320 1462 *1,
339 1431 425 1455 iudex
444 1431 654 1462 insi-ascriptus.
675 1432 837 1463 subscripsi.

167 1475 226 1507 Ego
244 1475 348 1499 Daniel
370 1476 500 1500 notarius
520 1483 536 1500 a
554 1475 687 1504 statutis,
708 1478 801 1500 socius
821 1478 848 1500 et
868 1478 950 1500 testis
971 1476 1181 1508 infrascriptus,
1203 1485 1245 1501 me
1265 1478 1419 1509 subscripsi
1440 1479 1467 1501 et
1487 1478 1637 1502 ascultavi.

165 1519 193 1544 S.
212 1520 250 1544 JV.
268 1519 328 1551 Ego
348 1519 517 1549 Bernardus,
536 1520 607 1544 olim
627 1520 738 1545 domini
759 1520 836 1544 Petri
859 1521 963 1544 iudicis
984 1521 1017 1544 (le
1037 1520 1158 1545 Casellis
1177 1520 1262 1551 filius,
1283 1521 1356 1545 civis
1377 1521 1534 1553 paduanus,
1555 1522 1681 1546 existens
1702 1524 1732 1546 in
1753 1523 1852 1547 officio
1872 1531 1921 1548 co-

78 1564 171 1588 munis
193 1563 287 1588 Padue
312 1572 363 1596 pro
384 1566 498 1588 notario
523 1565 558 1589 ad
579 1565 688 1589 discum
714 1565 824 1593 Dulcis,
851 1565 995 1597 imperiali
1020 1566 1151 1597 publicus
1171 1567 1344 1590 auctoritate
1374 1567 1514 1595 notarius,
1542 1573 1636 1590 coram
1664 1567 1776 1600 prefato
1801 1568 1919 1592 domino

76 1607 160 1641 Qiglo
180 1608 213 1632 de
232 1607 342 1637 Casali,
360 1608 457 1633 iudIce
476 1611 503 1633 et
523 1609 647 1633 officiale
666 1610 700 1633 ad
721 1609 828 1633 dictum
849 1609 967 1639 discum,
989 1610 1168 1641 presentibus
1186 1610 1318 1639 Daniele,
1340 1612 1463 1641 notario,
1482 1618 1508 1642 q.
1535 1611 1561 1634 d.
1580 1610 1724 1635 Simeonis
1751 1619 1765 1635 a
1788 1612 1919 1642 Statutis,

77 1652 111 1676 de
130 1655 262 1677 contrata
280 1652 306 1678 S.
326 1654 529 1683 Bertholamei,
555 1654 655 1683 Paulo,
676 1654 803 1684 notario,
823 1661 848 1685 q.
869 1655 893 1678 d.
915 1654 1032 1678 Tisonis
1052 1655 1085 1678 de
1105 1654 1131 1678 S.
1151 1655 1276 1686 Angelo,
1295 1655 1328 1678 de
1349 1657 1481 1679 contrata
1494 1655 1592 1679 Sancti
1614 1656 1710 1679 Iacobi
1731 1658 1829 1687 pontis
1854 1657 1914 1680 Mo-

74 1696 265 1727 lendinorum,
284 1699 313 1722 et
331 1698 459 1729 isnardo,
478 1700 604 1727 notario,
624 1706 648 1730 q.
669 1699 695 1723 d.
717 1698 882 1728 Romanati,
903 1699 936 1723 de
955 1701 1088 1723 contrata
1102 1700 1200 1724 Sancti
1220 1700 1308 1728 Petri,
1330 1700 1453 1723 notariis
1472 1702 1500 1723 et
1519 1700 1606 1724 sociis
1626 1701 1661 1724 ad
1679 1700 1787 1724 dictum
1806 1702 1914 1725 discum

73 1742 174 1766 Dulcis
193 1744 220 1767 et
239 1743 318 1773 aliis,
337 1743 410 1767 dicti
429 1743 533 1767 iudicis
551 1744 632 1776 jussu
651 1746 679 1768 et
699 1745 881 1774 auctoritate,
901 1746 1073 1768 statutorum
1094 1745 1225 1768 comunis
1244 1744 1340 1768 Padue
1360 1745 1544 1769 solemnitate
1562 1747 1590 1769 et
1611 1745 1702 1769 forma
1728 1747 1849 1775 servata,
1876 1747 1917 1770 ul-

72 1789 256 1819 trascriptum
275 1788 497 1812 instrumentum
517 1795 551 1812 ex
573 1790 734 1813 auttentico
753 1789 942 1822 suprascripti
962 1789 1081 1814 Gerardi
1102 1790 1211 1812 notarii
1238 1789 1361 1813 fideliter
1386 1789 1556 1821 exemplavi,
1583 1791 1612 1814 in
1641 1791 1781 1822 regimine
1807 1791 1915 1815 nobilis

73 1832 129 1855 viri
149 1832 259 1856 domini
279 1832 366 1856 Mafei
387 1831 546 1857 Contareni
566 1833 599 1857 de
619 1833 760 1862 veneciis,
780 1834 911 1858 civitatis
931 1833 1026 1857 Padue
1044 1833 1225 1857 honorabilis
1245 1834 1407 1866 potestatis,
1426 1833 1469 1857 nil
1490 1835 1519 1857 in
1540 1841 1573 1858 eo
1594 1834 1699 1858 addens
1719 1835 1762 1858 vel
1776 1835 1915 1865 minwens,

72 1876 149 1908 quod
168 1884 280 1901 sensum
299 1879 388 1901 mutet
407 1878 451 1902 vel
469 1878 644 1902 sententiam
665 1878 764 1907 variet,
777 1880 908 1903 currente
928 1886 1004 1902 auno
1024 1877 1146 1902 Domini
1172 1878 1325 1902 millesimo
1350 1880 1549 1902 trecentesimo
1575 1879 1820 1912 quinquagesimo,
1840 1880 1915 1904 indi-

73 1921 154 1945 cione
173 1921 270 1947 tercia,
289 1922 335 1946 die
353 1922 419 1946 lune
439 1922 550 1946 decimo
570 1923 676 1947 mensis
697 1924 762 1947 mai.

67 2000 161 2033 VIII.
185 2020 226 2024 —
250 2002 426 2045 Hennjgo,
450 2002 623 2039 Marsilzb,
646 2002 816 2041 Huberto,
833 2003 966 2045 Hugu-

153 2055 218 2094 lon,
232 2057 412 2098 germani3
438 2056 626 2102 Henriqon,
643 2055 782 2098 Litoifo,
801 2057 966 2089 Gumber-

155 2112 198 2146 to,
219 2110 393 2151 germani.

159 2181 207 2212 14.
233 2180 289 2222 [5].
315 2199 356 2204 —-
381 2180 504 2218 Questi
522 2188 619 2224 septe
643 2182 798 2225 germani
814 2182 847 2214 io
864 2187 964 2214 trovo

65 2243 159 2265 esser
182 2233 362 2266 descendu
385 2234 443 2266 dai
472 2235 697 2277 sovrascripti
721 2236 875 2278 magnati
907 2235 964 2267 del

65 2287 209 2319 castello
233 2287 277 2319 da
300 2288 459 2329 Can-ara,
482 2299 538 2319 ma
552 2288 610 2320 del
634 2299 734 2320 nome
758 2289 801 2320 de
818 2288 912 2331 quali
928 2288 962 2320 di

63 2340 142 2372 ditti
166 2341 390 2383 sovrascripti
416 2342 473 2373 elli
496 2341 580 2374 fossi
603 2341 684 2380 fiofi,
708 2342 825 2374 niente
842 2342 875 2373 io
892 2348 962 2374 tro-

64 2403 107 2425 vo
121 2392 139 2425 ¹.
185 2393 230 2425 Et
252 2393 297 2425 de
321 2395 398 2426 tutti
420 2401 519 2436 septe
536 2395 650 2427 scrivo
674 2395 814 2432 inseme,
831 2394 962 2437 perche

153 2504 161 2522 ¹
180 2505 311 2530 Secondo
331 2507 358 2531 la
378 2507 531 2531 redazione
551 2508 576 2532 A
596 2508 624 2531 la
638 2509 817 2532 successione
836 2507 850 2532 ὲ
870 2508 957 2532 stabi-

64 2550 117 2574 lita
136 2551 167 2574 in
185 2550 251 2574 base
269 2551 296 2574 al
316 2551 474 2583 privilegio
491 2558 501 2575 1
517 2551 643 2576 sebbraio
665 2559 742 2583 1114,
756 2552 783 2576 la
801 2552 884 2583 quale
898 2560 956 2576 non
976 2572 979 2573 γ

63 2590 120 2624 pub
141 2595 300 2618 veramente
327 2594 516 2618 consideran-si
542 2601 570 2618 se
598 2601 657 2618 non
677 2602 755 2619 come
781 2596 902 2619 termine
922 2596 960 2619 ad

61 2643 144 2666 quem.
182 2635 285 2660 Infatti
312 2637 341 2660 in
362 2636 387 2660 B
407 2644 422 2660 e
447 2637 470 2660 C
493 2643 566 2660 sono
588 2637 701 2661 lasciati
730 2638 832 2661 incerti
859 2637 956 2661 l’anno

61 2677 92 2701 di
111 2679 296 2707 successione,
316 2678 366 2702 che
384 2676 399 2702 ὲ
418 2678 448 2702 di
474 2680 558 2703 vario
577 2681 673 2711 tempo
687 2680 841 2710 anteriore,
861 2680 893 2704 ed
908 2687 956 2704 an-

61 2719 111 2743 che
130 2720 159 2743 la
178 2718 333 2751 paternitfi,
351 2721 402 2744 che
422 2728 479 2744 non
507 2721 609 2745 risulta
629 2721 675 2745 dal
695 2722 851 2754 privilegio
871 2722 959 2746 mede-

61 2761 142 2784 simo.
172 2760 259 2785 Come
272 2761 309 2785 ho
322 2760 369 2793 gia
384 2765 543 2789 osservato,
558 2762 671 2791 Enrico,
693 2762 836 2793 Mamilio,
850 2763 957 2787 Uberto

61 2803 94 2826 ed
114 2802 245 2835 Ugolone
265 2810 339 2828 sono
359 2804 419 2836 figli
441 2803 469 2828 di
491 2803 617 2828 Milone:
638 2811 687 2836 per
700 2804 832 2828 Marsilio
853 2811 913 2828 non
928 2806 956 2828 vi

61 2842 76 2868 'e
94 2844 209 2876 dubbio,
236 2846 266 2869 lo
290 2853 381 2878 prova
407 2847 434 2870 la
459 2847 508 2871 cit.
536 2846 698 2871 donazione
717 2847 762 2871 del
786 2854 861 2879 1109,
880 2847 956 2871 nella

61 2887 143 2918 quale
161 2887 290 2919 figurano
309 2888 412 2913 firmati
434 2896 513 2913 come
532 2889 602 2913 testi
620 2889 664 2922 gli
685 2889 752 2914 altri
772 2892 824 2919 tre,
846 2889 896 2914 che
910 2891 958 2921 qui

62 2936 114 2952 son
134 2929 205 2953 detti
226 2931 288 2954 suoi
311 2930 426 2955 fratelli.
462 2931 488 2954 A
507 2932 587 2955 torto
607 2931 629 2955 il
644 2931 753 2956 Ceoldo
774 2930 886 2961 (Albero
900 2933 958 2961 cit.‚

62 2978 89 3002 p.
108 2971 134 3002 9)
155 2971 274 3003 designa
294 2972 398 2996 Enrico
418 2980 497 2997 come
518 2973 564 2997 zio
584 2973 658 3005 degli
681 2974 748 2997 altri
770 2969 812 2997 tre
833 2974 956 2997 fratelli:

1020 2003 1114 2034 VIII.
1140 2022 1180 2026 —
1206 2002 1391 2043 Henrz'cus,
1416 2003 1606 2039 Marsnz'us,
1636 2003 1790 2041 Ubertus,
1818 2004 1913 2047 Ugo-

1107 2056 1210 2095 lanus,
1241 2059 1424 2098 germunt}
1458 2056 1684 2097 Henriconus,
1723 2057 1913 2100 Lilolplzus,

1110 2111 1320 2148 Gumbertus,
1341 2111 1518 2153 germani.

1110 2183 1158 2213 14.
1176 2181 1232 2223 [5].
1251 2200 1291 2204 —
1308 2182 1449 2223 Septem
1466 2181 1500 2212 hi
1518 2182 1649 2213 domini
1666 2183 1913 2225 suprascriptis

1018 2235 1235 2277 magnatibus
1259 2235 1302 2266 de
1327 2233 1450 2266 Castro
1473 2235 1634 2266 Carrarie
1657 2242 1912 2273 successerunt,

1017 2288 1080 2320 sed
1104 2287 1228 2330 quibus
1243 2294 1302 2319 aut
1319 2288 1374 2319 cui
1392 2298 1433 2319 ac
1450 2294 1584 2329 tempus
1608 2294 1703 2320 recte
1720 2289 1913 2321 successio-

1018 2342 1070 2373 nis
1093 2342 1196 2373 nullis
1219 2352 1284 2384 ego
1308 2342 1378 2373 suis
1407 2342 1442 2372 in
1473 2342 1689 2373 documentis
1713 2342 1912 2374 adinvenio.

1018 2395 1090 2428 Sed
1113 2395 1156 2427 ab
1181 2395 1232 2426 his
1256 2395 1399 2426 traxisse
1424 2400 1558 2426 constat
1581 2394 1749 2437 originem
1773 2406 1912 2437 preces-

1012 2508 1069 2540 egli
1089 2506 1217 2531 scambio
1238 2507 1352 2537 Enrico,
1373 2509 1469 2530 tutore
1488 2508 1517 2530 di
1538 2507 1670 2531 Marsilio
1691 2508 1738 2531 nel
1760 2514 1835 2539 1109,
1855 2515 1907 2532 con

1011 2550 1116 2574 Enrico
1130 2549 1241 2573 firmato
1256 2551 1326 2573 teste
1341 2549 1420 2573 nello
1435 2550 1524 2572 stesso
1537 2550 1707 2573 documento
1719 2550 1837 2574 insieme
1849 2551 1906 2582 agli

1011 2592 1078 2616 altri
1094 2595 1136 2617 tre
1158 2592 1276 2622 fratelli,
1297 2592 1372 2615 ch’io
1392 2593 1508 2623 ritengo
1528 2591 1564 2615 fin
1585 2592 1707 2616 d'allora
1722 2594 1874 2624 maggiori,
1894 2600 1908 2616 e

1011 2635 1061 2658 che
1079 2634 1167 2666 figura
1187 2635 1365 2658 unitamente
1379 2633 1436 2665 agli
1453 2634 1520 2657 altri
1538 2634 1582 2657 nel
1598 2634 1756 2665 privilegio
1770 2634 1814 2658 del
1833 2642 1908 2666 ¹1¹4·

1012 2676 1127 2705 Quanto
1139 2677 1174 2700 ad
1185 2676 1340 2706 Enricone,
1352 2676 1468 2700 Litolfo
1483 2684 1496 2699 e
1507 2674 1672 2705 Gumberto,
1688 2677 1805 2705 fratelli,
1819 2678 1907 2709 privi—

1010 2720 1110 2752 legiati
1132 2726 1185 2743 con
1200 2719 1228 2742 1ο
1243 2720 1332 2742 stesso
1347 2718 1483 2749 diploma,
1498 2720 1525 2742 io
1541 2719 1622 2742 credo
1638 2719 1737 2743 ch'essi
1753 2720 1834 2743 siano
1848 2719 1906 2751 figli

1010 2762 1038 2786 di
1054 2762 1198 2790 Artiucio,
1211 2763 1253 2785 sia
1268 2760 1368 2793 perche
1382 2761 1505 2793 rissetto
1520 2762 1545 2785 ai
1566 2762 1770 2794 compartecipi
1792 2762 1836 2786 del
1849 2764 1906 2793 pri·

1012 2805 1115 2835 vilegio
1130 2804 1258 2835 figurano
1278 2810 1356 2827 corne
1376 2803 1484 2835 cugini,
1497 2804 1574 2834 quali
1596 2803 1655 2835 figli
1677 2804 1704 2828 dl
1727 2804 1844 2833 fratelli,
1866 2805 1906 2827 sia
1937 2810 1948 2827 2

1010 2854 1059 2878 per
1071 2848 1078 2870 i
1092 2848 1180 2876 nomi,
1195 2846 1244 2870 che
1257 2847 1310 2870 essi
1326 2847 1459 2877 portano,
1474 2845 1582 2877 iquali,
1594 2846 1718 2870 secondo
1730 2846 1757 2870 la
1767 2847 1907 2870 tendenza

1010 2889 1103 2913 allora
1114 2889 1256 2919 esistente,
1272 2890 1446 2921 perpetuane
1463 2889 1506 2912 nei
1522 2888 1583 2920 figli
1606 2890 1613 2912 i
1628 2889 1706 2912 nomi
1722 2889 1798 2920 degli
1812 2895 1906 2912 ascen-

1011 2932 1089 2955 denti
1109 2937 1124 2954 e
1144 2930 1187 2954 dei
1209 2930 1381 2960 collaterali,
1401 2931 1544 2962 piuttosto
1559 2930 1608 2954 che
1627 2930 1724 2962 quello
1744 2930 1789 2954 del
1809 2931 1906 2962 padre:

1010 2981 1024 2997 e
1045 2974 1101 2997 tale
1122 2973 1281 2997 tradizione
1299 2971 1314 2996 'c
1339 2973 1511 2996 abbastanza
1539 2974 1648 3003 seguita
1676 2973 1751 2996 nella
1778 2972 1907 3005 famiglia
