2346 3597
357 288 474 327 Berta,
497 299 595 321 como
619 289 769 322 tudorise
796 291 831 323 di
847 291 1030 324 sovraditti
1054 301 1114 323 suo
1139 292 1255 334 figloH,

359 351 401 373 ne
425 341 539 374 l’anno
563 342 619 373 del
637 342 785 386 Signore
809 343 902 376 mille
919 343 1066 376 dusento
1091 350 1259 386 quaranta

358 406 403 425 un
428 394 474 425 fe’
493 406 511 425 a
535 406 582 426 un
598 396 721 428 mesier
745 397 903 429 Goielmo
927 397 970 429 de
988 398 1113 429 mesier
1129 398 1258 438 Caroti,

357 448 507 479 fradello
540 448 619 480 dela
650 449 736 481 ditta
767 451 915 482 madona
948 451 1061 488 Berta,
1093 450 1137 482 de
1162 456 1257 482 certe

358 500 552 541 possession
569 503 724 534 mettude
743 503 774 533 in
794 502 979 534 Pernumia
996 509 1030 535 et
1047 504 1082 534 in
1099 503 1258 541 Carrara,

359 564 457 586 como
482 564 517 585 se
542 555 709 587 mostrera
726 567 787 597 per
811 556 843 587 lo
867 562 959 588 sotto
984 557 1115 598 scripto
1133 557 1259 588 instru-

357 613 484 639 mento.
524 608 610 639 Item
634 610 789 640 anchora
812 615 909 642 trovo
934 609 968 642 di
998 610 1151 651 preditti‚
1181 611 1258 648 che,

357 660 477 692 siando
501 672 520 692 a
545 671 667 704 campo
692 673 830 703 apresso
854 674 874 694 a
897 664 1114 695 Monteclaro
1145 664 1259 695 Fede-

357 714 445 756 rigo,
476 714 694 755 imperadore
728 716 763 746 di
788 716 950 753 Romani,
981 727 1017 747 re
1050 717 1093 748 de
1125 715 1259 748 Cecilia

358 772 392 799 et
415 766 459 798 de
483 767 681 804 Ierusalem,
706 769 763 800 nel
789 769 869 810 qual
893 779 1016 811 campo
1042 780 1100 801 era
1118 780 1184 801 con
1209 769 1255 800 lui

358 820 390 851 el
414 819 603 852 sovraditto
628 822 752 853 mesier
776 822 916 853 Iacomo
940 821 984 853 da
1010 821 1170 860 Carrara,
1194 822 1259 864 Ee-

358 873 447 915 (felin
473 873 516 905 da
532 873 670 905 Roman
695 880 728 906 et
744 875 839 907 molti
863 875 942 906 altri
959 875 1077 913 nobili,
1095 876 1125 906 el
1144 886 1259 907 sovra-

357 926 487 967 scripto
512 927 638 958 mesier
661 927 800 959 Iacomo
826 928 974 969 impetro
1000 939 1042 959 ne
1067 929 1185 960 l’anno
1204 928 1258 960 del

358 979 484 1021 Signor
507 979 750 1012 milledusento
774 987 888 1012 trenta
913 982 969 1012 dal
994 981 1080 1013 ditto
1105 992 1262 1023 empera-

358 1033 443 1063 dore
469 1042 531 1073 per
554 1033 566 1063 i
590 1032 666 1064 ditti
690 1033 741 1064 soi
766 1034 905 1072 nevodi‚
930 1033 1122 1073 Anthonio,
1140 1034 1260 1066 Piero-

357 1091 459 1116 conte
477 1090 510 1115 et
528 1084 694 1127 Hemigo,
713 1086 801 1117 ditto
819 1087 1028 1125 Francesco,
1044 1098 1089 1118 un
1106 1087 1259 1119 solemne

357 1138 539 1180 privilegio
556 1137 600 1169 de
619 1139 699 1180 ogni
716 1139 860 1175 honore,
877 1139 975 1171 feudi
993 1146 1027 1171 et
1043 1140 1259 1181 pertinencie

358 1193 402 1223 de
425 1197 514 1223 tutto
538 1192 665 1234 quello,
690 1194 755 1224 che
780 1194 903 1225 mesier
925 1192 1073 1237 Albrigo
1097 1194 1197 1233 Lion,
1221 1204 1258 1225 so

357 1255 452 1285 pare,
477 1244 587 1276 havea
610 1247 827 1288 cognossudo
859 1246 917 1278 dal
941 1248 1173 1289 sovrascripto
1197 1247 1258 1278 im-

357 1296 517 1338 perador,
540 1304 574 1329 et
598 1299 681 1339 euro
706 1299 739 1330 el
762 1301 950 1332 sovraditto
973 1300 1096 1331 mesier
1120 1301 1258 1332 Iacomo

358 1348 402 1380 da
418 1349 566 1381 Carrara
591 1351 709 1382 fidelta
725 1362 787 1392 per
803 1352 813 1383 i
830 1351 910 1383 ditti
928 1353 979 1384 soi
1003 1352 1142 1389 nevodi,
1159 1362 1258 1384 como

357 1412 486 1443 appare
503 1413 565 1444 per
582 1403 615 1435 lo
632 1410 731 1436 socto
748 1405 877 1446 scripto
895 1405 1089 1448 privilegio,
1107 1405 1139 1436 el
1157 1405 1259 1447 quale

356 1456 390 1487 io
422 1456 466 1487 ho
498 1457 642 1489 trovado
671 1458 727 1489 nel
760 1463 908 1490 catastro
939 1458 976 1490 di
1009 1458 1196 1502 privillegii
1222 1459 1258 1490 di

358 1508 490 1551 signori
514 1508 559 1541 da
583 1510 740 1542 Carrara.

445 1615 498 1647 35.
515 1633 558 1638 —
574 1615 805 1648 Instrumento
831 1616 909 1648 dele
932 1618 1158 1660 infrascripte
1182 1631 1260 1662 pos-

357 1669 487 1700 session
505 1670 692 1710 comprade
717 1680 780 1710 per
803 1670 930 1701 mesi‘er
953 1671 1123 1712 Goielmo,
1141 1673 1173 1704 in
1192 1684 1259 1715 qua

358 1721 435 1752 drio
453 1721 496 1752 de
513 1732 626 1753 meser
642 1723 772 1764 Caroti‚
791 1723 835 1754 da
852 1724 1000 1756 madona
1016 1724 1135 1762 Berta,
1152 1727 1260 1758 moie-

359 1785 396 1805 re
421 1774 485 1806 che
510 1776 547 1806 fo
571 1776 614 1806 de
638 1776 765 1807 mesier
789 1776 935 1819 Albrigo
949 1777 1052 1815 Lion,
1081 1779 1198 1811 tuirise
1214 1780 1258 1811 de

359 1828 410 1858 soi
444 1828 520 1859 fioli
544 1828 766 1866 Pieroconte,
790 1829 968 1861 Anthonio
992 1837 1025 1862 et
1049 1833 1258 1871 Francesco,

361 1888 394 1913 et
417 1892 515 1914 seror
538 1881 593 1914 del
618 1882 707 1914 ditto
730 1883 855 1914 mesier
883 1884 1043 1916 Goielmo
1060 1884 1079 1916 ¹.

1312 291 1450 323 Domini
1475 293 1656 325 millesimo
1680 294 1919 327 ducentesimo
1947 295 2211 338 quadragesimo

1311 344 1422 386 primo
1447 346 1664 378 venditarum
1682 347 1818 378 nomine
1835 347 1962 380 tutorio
1979 348 2124 380 filiorum
2140 349 2213 380 dic-

1311 405 1434 430 torum.
1480 398 1524 430 Et
1548 399 1650 430 etiam
1676 399 1817 437 domini,
1845 400 1985 432 domino
2017 401 2143 433 Iacobo
2168 402 2211 433 de

1312 449 1483 488 Carraria,
1509 461 1626 483 eorum
1650 459 1783 494 patruo,
1808 459 2017 494 procurante
2041 464 2145 495 super
2161 455 2213 485 in-

1313 503 1476 535 vestitura
1499 504 1668 536 bonorum
1691 506 1799 547 patris
1824 517 1951 547 eorum,
1975 507 2009 538 in
2030 507 2212 538 millesimo

1311 556 1551 590 ducentesimo
1583 559 1756 601 trigesimo
1781 559 1825 591 ab
1858 560 2066 601 imperatore
2091 559 2212 591 Fride-

1310 609 1383 640 rico
1408 609 1580 653 singulare
1607 612 1829 644 obtinuerunt
1858 612 2093 655 privilegium,
2116 619 2154 645 ut
2178 614 2213 644 in

1312 662 1478 694 catastico
1503 665 1639 704 reperio
1657 665 1916 708 privilegiorum
1934 666 2153 698 dominorum
2170 667 2214 698 de

1313 714 1482 746 Carraria.
1515 717 1665 749 Deducti
1697 724 1811 750 autem
1837 718 1881 750 ad
1914 719 2063 750 validam
2087 725 2212 751 etatem

1311 768 1375 800 sibi
1399 769 1517 810 populi
1551 770 1707 802 favorem
1741 777 1775 803 et
1805 771 1970 803 nobilium
2001 778 2214 813 paraverunt

1311 823 1520 865 sequellam3
1546 824 1818 864 possessionibus
1846 824 2047 867 predivites,
2078 835 2214 856 masna-

1312 875 1365 907 dis
1404 883 1436 907 et
1470 876 1635 914 vassallis,
1675 877 1797 908 castris
1835 877 2021 909 Pernumie
2053 882 2088 909 et
2112 876 2213 919 Agne

1312 927 1440 960 domini
1457 930 1673 970 prefuerunt,
1690 930 1754 961 viri
1771 930 1807 962 in
1823 931 1963 962 civitate
1981 940 2094 962 amore
2107 930 2213 962 multo

1313 981 1420 1013 habiti
1446 988 1480 1014 et
1504 982 1644 1015 honore.

1401 1621 1453 1653 35.
1472 1639 1512 1643 -
1529 1621 1794 1652 Instrumentum
1817 1621 2119 1663 infrascriptarum
2136 1633 2215 1664 pos-

1311 1674 1499 1707 sessionum
1532 1680 1724 1716 emptarum
1757 1684 1820 1715 per
1855 1673 2032 1706 dominum
2066 1674 2212 1706 Guillel-

1312 1738 1414 1764 mum,
1438 1728 1611 1770 quondam
1630 1727 1761 1758 domini
1780 1726 1909 1764 Caroti,
1926 1737 1947 1758 a
1964 1727 2104 1759 domina
2128 1727 2213 1760 Ber-

1311 1787 1357 1817 ta,
1388 1791 1495 1812 uxore
1531 1780 1705 1822 quondam
1737 1780 1866 1811 domini
1900 1780 2035 1812 Albrici
2071 1781 2212 1820 Leonis,

1310 1834 1436 1866 tutrice
1459 1833 1612 1865 filiorum
1631 1843 1766 1864 suorum
1783 1832 1877 1865 Petri
1895 1833 2052 1871 Comitis,
2068 1833 2214 1867 Antonii

1311 1892 1346 1918 et
1364 1886 1553 1923 Francisci,
1572 1892 1606 1918 et
1622 1896 1740 1918 sorore
1757 1887 1843 1918 dicti
1860 1887 1992 1918 domini
2010 1888 2211 1920 Guillielmi.

447 1990 478 2014 In
499 1991 616 2014 nomine
632 1990 743 2015 domini
763 1992 916 2016 millesimo
936 1993 1132 2017 ducentesimo
1145 1994 1362 2025 quadragesimo
1377 1995 1479 2026 primo,
1502 1994 1648 2018 indicione
1662 1993 1882 2025 quartadecima,
1898 1994 1945 2018 die
1964 1995 2073 2018 decimo
2086 1998 2209 2020 exeunte

360 2036 492 2066 augusto,
510 2035 691 2066 presentibus
712 2035 831 2060 domino
851 2036 1006 2065 Rainaldo,
1028 2038 1129 2068 iudice¹
1150 2039 1295 2070 quondam
1316 2038 1429 2062 domini
1452 2037 1531 2068 Octi,
1551 2039 1670 2062 domino
1695 2037 1799 2062 Iacobo
1825 2038 1915 2062 Sacho
1941 2041 1969 2062 et
1989 2039 2148 2063 Thomaslo
2175 2040 2209 2064 de

360 2079 478 2102 domino
497 2078 511 2093 ²¹
530 2077 543 2092 ⁴¹
564 2079 811 2111 archipresbitero,
830 2081 880 2112 qui
894 2083 952 2105 stat
965 2081 995 2105 in
1011 2081 1164 2111 Cstadella,
1183 2084 1211 2106 et
1230 2082 1307 2107 aliis.
1337 2083 1464 2106 Domina
1480 2083 1570 2113 Berta,
1587 2090 1660 2106 uxor
1680 2082 1822 2113 quondam
1837 2083 1949 2106 domini
1965 2083 2077 2107 Albrici
2092 2082 2208 2113 Leonis,

357 2125 450 2147 tutrix
471 2123 595 2147 filiorum
617 2131 740 2153 suorum,
762 2125 872 2149 scilicet
886 2125 962 2149 Petri
979 2124 1112 2154 Comitis,
1126 2126 1270 2150 Anthonii
1291 2128 1318 2150 et
1333 2126 1490 2156 Francisci,
1504 2129 1535 2150 ut
1549 2127 1674 2156 decebat,
1689 2128 1780 2151 tutrix
1797 2128 1913 2151 nomine
1928 2134 1979 2159 pro
1993 2129 2043 2155 eis,
2057 2135 2109 2160 pro
2123 2128 2206 2152 libris

360 2169 496 2191 trecentis
514 2170 542 2191 et
563 2168 668 2192 duabus
689 2169 883 2199 denariorum,
903 2177 972 2201 quas
992 2171 1121 2194 consessa
1144 2171 1198 2195 fuit
1218 2178 1247 2195 se
1267 2173 1382 2195 nomine
1395 2171 1470 2195 finiti
1487 2173 1515 2195 et
1529 2172 1662 2195 conventi
1680 2171 1768 2204 precii
1784 2172 1924 2204 accepisse
1938 2174 1965 2195 et
1985 2173 2015 2196 in
2031 2180 2057 2196 se
2071 2173 2173 2197 habere
2192 2182 2206 2198 a

360 2213 478 2237 domino
498 2212 657 2237 willielmo
678 2221 703 2244 q.
723 2214 750 2238 d.
770 2213 879 2244 Caroti,
900 2215 987 2239 fratre
1001 2222 1061 2243 suo,
1083 2217 1255 2240 renuncians
1277 2223 1360 2248 super
1378 2216 1432 2239 hoc
1447 2216 1508 2248 ipsa
1523 2217 1548 2239 d.
1564 2217 1645 2240 Berta
1665 2217 1830 2247 exceptioni
1852 2224 1908 2240 non
1931 2220 2075 2242 numerate
2089 2220 2208 2249 pecunie

360 2258 388 2280 et
408 2264 465 2280 non
485 2256 575 2281 soluti
596 2258 649 2281 sibi
671 2259 761 2289 precii
789 2260 916 2291 ternpore
944 2262 1108 2284 contractus
1134 2262 1160 2284 et
1191 2261 1303 2284 auxilio
1332 2261 1578 2284 senatusconsulti
1597 2260 1752 2287 Velleianl.
1775 2261 1808 2285 (ie
1828 2261 1881 2285 hoc
1908 2262 2063 2286 certiorata
2089 2270 2138 2294 per
2163 2270 2206 2288 me

362 2302 516 2331 notarium,
534 2302 583 2332 qui
603 2310 651 2334 per
671 2304 763 2333 ipsum
785 2304 964 2328 Velleianum
985 2306 1111 2328 tueretur
1130 2312 1166 2332 se.
1182 2305 1239 2328 nisi
1259 2305 1285 2329 ei
1300 2307 1480 2336 renuncians,
1503 2307 1530 2329 et
1545 2305 1624 2329 omni
1638 2306 1846 2336 hypothecario
1860 2307 1927 2339 juri,
1950 2307 2005 2338 ipsi
2019 2307 2044 2331 d.
2059 2306 2207 2332 &Villelmo

361 2346 448 2374 dedit,
469 2346 553 2370 cessit
574 2348 656 2377 atque
676 2347 825 2371 mandavit
845 2348 1027 2372 venditionis
1042 2350 1165 2378 nomine,
1179 2351 1206 2373 et
1219 2356 1281 2373 eum
1297 2349 1331 2373 ad
1347 2351 1496 2382 proprium
1509 2350 1570 2382 jure
1583 2348 1728 2382 [proprii]‚
1743 2350 1777 2374 ad
1794 2350 1924 2374 livellum
1947 2352 2008 2384 jure
2022 2351 2117 2375 livelli
2131 2354 2158 2376 et
2173 2353 2207 2376 ad

364 2390 474 2414 feudum
489 2391 551 2423 jure
571 2391 646 2414 feudi
668 2392 821 2416 investivit
841 2393 873 2416 de
894 2395 955 2417 toto
977 2393 1029 2417 illo
1051 2394 1162 2424 podere,
1181 2393 1257 2425 quod
1278 2395 1340 2426 ipsa
1355 2402 1405 2426 pro
1420 2401 1448 2417 se
1462 2402 1495 2417 ex
1510 2395 1621 2417 tutorio
1638 2395 1754 2418 nomine
1775 2402 1826 2426 pro
1847 2395 1919 2426 ipsis
1933 2395 2001 2419 filiis
2015 2396 2074 2420 suis
2090 2396 2133 2420 vel
2148 2397 2206 2429 ipsi

360 2434 414 2457 filii
433 2434 538 2457 habent
558 2435 589 2458 in
610 2435 761 2459 Pernumia
784 2436 827 2459 vel
848 2437 908 2460 eius
929 2437 1066 2466 confinio,
1085 2439 1113 2461 et
1134 2439 1163 2461 in
1185 2438 1318 2462 Carraria
1340 2439 1383 2461 vel
1404 2439 1465 2462 eius
1486 2438 1620 2465 confinio,
1642 2439 1686 2462 vel
1708 2439 1764 2462 visi
1784 2439 1900 2463 fuerunt
1920 2441 1947 2463 et
1967 2442 2034 2464 sunt
2054 2441 2156 2464 habere
2180 2442 2208 2466 et

362 2481 456 2502 tenere
475 2479 505 2502 in
519 2480 577 2512 jam
597 2479 684 2503 dictis
703 2480 786 2509 locis,
805 2483 862 2505 tam
883 2482 916 2505 de
937 2482 998 2512 illo,
1018 2483 1094 2513 quod
1115 2483 1172 2514 ipsi
1192 2482 1328 2506 haberent
1349 2483 1383 2506 ad
1405 2490 1469 2506 suas
1489 2490 1588 2506 manns
1609 2491 1692 2514 quarn
1714 2483 1747 2507 ad
1768 2484 1888 2511 alienas,
1902 2491 1932 2507 ea
1949 2492 2070 2516 namque
2084 2487 2206 2516 ratione,

363 2526 393 2546 nt
407 2531 422 2546 a
437 2523 522 2547 modo
537 2523 630 2547 dictus
650 2525 675 2547 (1.
697 2525 870 2549 willielmus
890 2528 918 2550 et
932 2528 974 2550 sui
989 2526 1113 2557 heredes,
1128 2527 1172 2550 vel
1187 2527 1232 2550 cui
1247 2528 1337 2558 ipsum
1358 2528 1462 2559 podere
1477 2527 1617 2557 dederint,
1632 2528 1734 2551 habere
1753 2528 1853 2552 debeat
1867 2530 1895 2552 et
1909 2530 2003 2552 tenere
2017 2536 2078 2552 cum
2093 2536 2207 2554 accessu

363 2571 389 2592 et
409 2568 540 2599 ingressu
559 2570 586 2591 et
605 2576 668 2591 cum
689 2570 812 2593 introitu
833 2573 860 2594 ct
880 2571 960 2594 exitu
979 2573 1007 2595 et
1027 2579 1090 2595 cum
1109 2571 1225 2604 capellis
1245 2574 1273 2595 et
1292 2572 1418 2603 scapulis
1440 2575 1467 2595 et
1481 2572 1586 2603 amplis
1605 2573 1673 2601 suis,
1693 2573 1805 2596 scilicet
1823 2573 1973 2604 proprium
1987 2581 2036 2606 per
2050 2575 2208 2606 proprium,

361 2613 491 2636 livellurn
507 2620 556 2644 per
570 2613 710 2643 liveHum,
730 2616 756 2638 et
777 2615 892 2639 feudum
913 2624 959 2647 per
974 2616 1096 2644 feudum,
1111 2620 1137 2640 et
1152 2624 1213 2639 cum
1227 2616 1359 2639 omnibus
1380 2617 1436 2640 suis
1451 2617 1625 2640 adiecenciis
1638 2619 1665 2641 et
1680 2617 1869 2649 pertinenciis
1884 2618 2079 2649 superioribus
2093 2621 2119 2642 et
2134 2619 2206 2642 inse-

363 2658 496 2680 rioribus.
516 2657 551 2681 Et
565 2658 626 2689 ipsa
642 2658 666 2681 (1.
683 2658 763 2682 Berta
783 2659 862 2682 dedit
878 2668 928 2692 pro
942 2668 970 2683 se
983 2662 1011 2683 et
1025 2661 1136 2684 tutorio
1158 2661 1273 2684 nomine
1288 2668 1339 2692 pro
1354 2660 1441 2684 dictis
1455 2661 1524 2684 filiis
1539 2661 1596 2684 suis
1612 2662 1666 2693 ipsi
1683 2661 1710 2686 d.
1725 2661 1885 2685 willielmo
1901 2668 1983 2685 omne
1997 2663 2041 2686 ius
2055 2669 2208 2693 omnesque

363 2702 491 2725 rationes
513 2709 543 2725 ac
564 2702 695 2726 acciones
715 2705 772 2726 tam
793 2704 879 2727 reales
900 2712 981 2735 quam
1002 2705 1174 2737 personales,
1190 2705 1275 2728 utiles
1289 2708 1315 2728 et
1330 2705 1462 2734 directas,
1476 2705 1551 2736 quod
1565 2708 1594 2729 et
1607 2713 1676 2736 quas
1690 2706 1751 2736 ipsa
1766 2706 1896 2735 habebat,
1912 2706 1955 2729 vel
1976 2706 2090 2729 videbat
2104 2706 2207 2730 habere

362 2748 462 2769 contra
481 2753 709 2777 unamquamque
728 2754 886 2779 personam,
902 2756 1038 2780 personas
1053 2750 1095 2773 vel
1115 2750 1251 2773 hahentes
1272 2749 1316 2773 vel
1336 2750 1498 2773 detinentes
1518 2750 1550 2772 de
1569 2749 1647 2773 dicto
1666 2751 1778 2782 podere,
1793 2751 1819 2773 et
1834 2750 1998 2781 specialiter
2012 2753 2110 2774 contra
2125 2751 2205 2774 libel-

363 2790 460 2819 larios,
480 2792 509 2814 in
529 2790 634 2814 affictis
655 2791 820 2815 libellorum
841 2794 867 2816 et
888 2793 917 2816 in
939 2794 1010 2825 ipsis
1030 2794 1139 2817 libellis
1159 2795 1185 2817 et
1206 2794 1285 2824 penis
1306 2794 1432 2825 ipsorum
1453 2794 1615 2817 libellorum
1635 2796 1663 2817 et
1688 2801 1784 2817 eorum
1805 2794 1956 2822 bonorum,
1976 2796 2006 2818 ut
2026 2795 2067 2818 ita
2093 2795 2154 2826 ipse
2179 2795 2205 2819 d.

2245 784 2282 813 10

2239 1314 2282 1344 20

2241 1631 2282 1663 25

2242 1899 2284 1930 30

2237 2395 2272 2422 40

2237 2616 2270 2643 45

362 2834 537 2858 willielmus
556 2836 649 2867 possit
669 2843 760 2867 agere,
780 2837 927 2868 placitare,
948 2839 1112 2867 convenire,
1132 2840 1225 2870 petere
1245 2840 1272 2861 et
1292 2838 1404 2869 exigere
1424 2839 1522 2861 omnia
1544 2837 1679 2869 predicta,
1701 2837 1936 2869 quemadmodum
1958 2840 2078 2870 ipsamet
2105 2846 2157 2870 pro
2176 2846 2204 2863 se
2235 2836 2271 2864 50

453 2936 458 2951 ¹
480 2939 524 2962 Cf.
546 2940 673 2968 Campo,
694 2940 792 2963 Albcro
813 2940 870 2968 cit„
891 2947 916 2971 p.
937 2946 977 2963 22.
