2346 3597
37 500 52 526 5

20 757 51 783 10

6 1059 43 1092 15

0 1641 39 1672 25

1859 208 1927 242 163

436 193 608 230 GESTA
639 195 943 231 MAGNIFICA
971 198 1156 233 DOMUS
1186 198 1577 237 CARRARIENSIS

175 325 294 358 Signum
314 334 399 350 manu
419 327 613 358 suprascripto
633 327 775 357 Artiucio,
796 328 845 358 qui
865 328 937 351 hanc
956 331 1062 352 cartam
1084 329 1246 354 offersionis
1267 338 1280 354 a
1302 338 1366 363 pars
1386 332 1477 364 ipsius
1499 336 1673 359 monasterio
1693 336 1789 361 Sancti
1812 338 1927 362 Stefl'ani

70 400 76 407 Ι
89 370 210 393 scribere
228 371 343 402 rogavit
363 377 513 401 eorumque
533 370 638 394 relecta
657 372 708 395 est.

174 414 293 446 Signum
314 415 536 447 suprascriptum
557 415 687 439 manibus
708 416 887 440 Bonovisino
907 419 934 441 et
954 417 1068 442 Andrea
1088 420 1116 442 et
1135 419 1297 451 Magifredo
1317 420 1350 444 de
1370 421 1434 445 loco
1455 421 1561 446 Braido
1581 423 1614 446 de
1628 424 1710 455 palia.
1727 424 1856 450 viventes
1871 427 1931 459 lege

86 457 354 489 Longobardorum,
375 461 468 483 testes.

174 503 233 535 Ego
247 504 295 534 qui
309 504 503 536 suprascripto
518 503 657 532 Valerius,
673 504 803 528 notarius
815 506 842 529 et
854 506 947 534 iudex,
960 507 1084 538 rogatus,
1097 507 1180 531 huius
1192 510 1267 532 carte
1278 509 1439 533 offersionis
1450 510 1561 542 scripsi,
1576 513 1640 542 post
1656 514 1762 537 tradita
1773 515 1927 547 complevi.

172 583 231 615 Ego
250 581 431 615 [Paduanusl.
454 583 538 607 iudex
558 584 770 616 infrascriptus,
794 585 958 617 subscripsi.

170 627 229 658 Ego
248 627 354 651 Daniel
376 628 505 651 notarius
525 635 540 651 a
559 627 692 657 statutis,
709 630 805 652 socius
824 635 851 653 et
872 631 953 654 testis
975 631 1188 663 infrascriptus.
1209 640 1251 656 me
1271 634 1427 666 subscripsi
1447 636 1474 658 et
1493 635 1645 659 ascultavi.

172 672 199 696 S.
222 672 258 696 Μ
279 671 338 703 Ego
359 672 526 701 Bernardus,
547 672 616 695 olim
637 673 748 696 domini
768 673 843 697 Petri
863 675 969 706 judicis
990 675 1023 698 (le
1043 674 1164 700 Casellis
1179 676 1262 705 filius,
1278 679 1408 702 notarius
1424 679 1634 712 ultrasvriptus,
1648 681 1770 705 existens
1786 684 1813 706 in
1829 683 1925 707 officio

81 715 276 746 ultrascripto,
298 723 392 739 coram
413 716 523 747 prefato
546 716 647 745 iudice,
668 718 848 748 presentibus
869 720 1076 749 prenominatis
1096 721 1214 744 testibus
1237 723 1358 745 notariis
1378 724 1405 746 et
1425 724 1513 747 sociis
1533 724 1565 747 ad
1582 725 1689 748 dictum
1705 726 1811 750 discum
1827 727 1927 751 Dulcis

81 761 110 784 et
126 760 202 789 aliis,
222 760 292 783 dicti
314 760 419 784 iudicis
440 762 517 784 iussu
535 763 563 784 et
584 763 764 792 auctoritate,
785 764 958 787 statutorum
971 765 1130 788 communis
1143 765 1238 789 Padne
1251 767 1435 791 solemnitate
1449 770 1570 798 servata,
1583 771 1806 801 suprascriptum
1821 772 1926 795 instru-

81 806 203 828 mentum
223 811 258 828 ex
278 806 438 828 auttentico
459 807 645 837 suprascripti
667 805 774 829 Valerii
797 807 905 830 notarii
924 806 1045 830 fideliter
1058 809 1219 840 exemplavi
1241 810 1380 842 signoque
1393 812 1482 835 solito
1503 813 1648 843 roboravi,
1666 814 1706 837 nil
1729 816 1757 837 in
1772 822 1805 838 eo
1820 816 1925 840 addens

79 849 123 872 vel
145 849 284 878 minuens,
303 849 377 880 quod
397 856 509 873 sensum
530 849 573 873 vel
593 851 766 874 sententiam
787 852 876 875 mutet
896 853 944 875 aut
965 853 1066 881 variet,
1086 856 1216 877 currente
1230 862 1306 878 anno
1322 856 1441 880 Domini
1455 857 1609 881 millesimo
1624 859 1823 882 trecentesimo
1843 861 1924 892 quin-

78 894 249 924 quagesimo,
269 893 429 918 indictione
449 894 545 921 tercia,
567 894 613 918 die
634 896 730 918 martis
752 895 888 927 vigesimo
910 897 1013 919 mensis
1033 897 1141 927 aprilis,
1163 898 1301 930 regimine
1320 900 1477 924 antedicto,

360 988 403 1020 V.
429 1007 469 1011 -—
499 989 691 1020 Gumberto.

164 1062 192 1093 8.
217 1060 272 1102 [2].
290 1078 331 1083 ———
348 1061 462 1104 Terco
479 1061 563 1092 tiolo
581 1061 635 1093 del
654 1061 845 1093 sovraditto
862 1060 968 1092 Litol-

72 1115 122 1152 ἕο,
147 1114 226 1147 fiolo
250 1115 293 1146 de
317 1113 508 1146 Gumberto
533 1115 577 1146 da
593 1114 741 1146 Carrara
755 1115 775 1146 ¹.
815 1114 866 1145 De
884 1124 968 1156 que-

72 1173 124 1200 sto
149 1167 338 1200 Gumberto
361 1167 394 1199 io
423 1173 521 1199 trovo
552 1177 595 1198 ne
619 1167 735 1199 l’anno
759 1168 818 1199 del
843 1167 969 1209 Signor

71 1221 164 1253 mille
188 1227 344 1263 septanta
367 1226 464 1262 septe
488 1220 598 1251 haver
620 1221 716 1252 facto
741 1221 897 1252 donason
924 1220 967 1251 de

71 1276 197 1318 algune
221 1274 418 1317 possession
441 1273 493 1305 sul
518 1274 638 1305 eonfin
665 1275 708 1306 de
732 1273 919 1306 Pernumia
935 1273 966 1304 al

71 1328 277 1360 monastiero
301 1328 345 1359 de
362 1327 432 1359 San
450 1327 609 1359 Steffano
627 1327 672 1359 da
688 1327 847 1364 Carrara,
868 1337 967 1358 como

69 1391 104 1412 se
127 1380 267 1413 contien
290 1380 325 1411 in
347 1380 380 1411 lo
403 1386 500 1412 socto
528 1380 658 1422 scripto
682 1381 922 1412 instrumento.

156 1479 186 1510 9.
221 1496 260 1501 ——
291 1478 522 1510 instrumento
559 1479 637 1510 dele
672 1478 870 1519 possession
909 1478 964 1509 del
1110 1478 1139 1509 9.
1166 1496 1206 1500 ———
1231 1478 1498 1511 lustramentum
1523 1482 1777 1522 possessionum
1808 1486 1919 1516 confi-

69 1533 186 1565 confin
211 1532 255 1564 de
279 1532 461 1564 Pernumia
487 1533 624 1565 donade
648 1542 711 1574 per
727 1532 761 1564 lo
776 1532 965 1564 sovraditto

68 1585 271 1623 Gumberto‚
309 1585 394 1618 tiolo
430 1586 487 1617 del
526 1585 719 1617 sovraditto
753 1584 896 1623 Litolfo‚
931 1585 963 1615 al

67 1640 274 1672 monastiero
299 1640 342 1671 de
367 1650 427 1670 san
451 1638 613 1672 Steffano
639 1639 682 1670 da
708 1638 857 1670 Carrara
867 1638 889 1668 ².

1021 1532 1112 1562 nium
1140 1530 1328 1563 Pernumie
1359 1533 1563 1564 donatarum
1596 1545 1659 1576 per
1690 1536 1917 1570 Gumbertum

1019 1584 1192 1625 quondam
1234 1585 1388 1626 Litolphi
1427 1586 1471 1617 de
1510 1586 1671 1619 Carraria
1709 1591 1916 1623 monasterio

1020 1637 1139 1670 Sancti
1163 1638 1343 1679 Stephani.

157 1735 189 1758 In
211 1735 327 1758 nomine
346 1734 399 1758 Dei
420 1735 521 1758 eterni.
558 1734 646 1757 Anno
667 1733 702 1757 ab
721 1733 926 1757 incarnacione
947 1733 1055 1757 domini
1078 1734 1168 1757 nostri
1195 1733 1275 1757 Ihesu
1300 1733 1411 1758 Christi
1436 1737 1501 1767 post
1526 1736 1680 1760 millesimo
1707 1739 1914 1770 septuagesimo

70 1781 199 1811 septimo,
221 1780 311 1803 tercio
331 1780 441 1803 decimo
460 1779 517 1803 kal.
536 1779 706 1808 novembris,
727 1778 815 1802 indic.
835 1777 1044 1807 terciadecima,
1065 1780 1240 1802 monasterio
1259 1779 1417 1802 beatissimi
1445 1779 1543 1803 Sancti
1563 1780 1688 1811 Steffani,
1711 1783 1757 1813 qui
1781 1785 1823 1806 est
1849 1791 1916 1807 con-

71 1826 180 1848 structo
200 1824 229 1848 in
251 1824 332 1853 villa,
351 1825 399 1854 qui
427 1824 592 1848 nominatur
610 1822 750 1851 Carraria,
771 1824 800 1846 in
820 1830 875 1853 quo
900 1830 974 1846 nunc
995 1822 1127 1846 dominus
1146 1822 1224 1847 Vido
1244 1823 1395 1855 religiosus
1415 1824 1500 1848 abbas
1518 1825 1548 1848 in
1570 1825 1651 1849 illurn
1672 1828 1799 1850 sanctum
1819 1827 1913 1851 locum

70 1877 128 1893 esse
148 1869 270 1897 videtur,
290 1869 337 1892 ubi
358 1869 520 1900 aliquantas
539 1876 581 1892 res
601 1876 615 1891 a
635 1868 720 1891 bonis
738 1868 903 1891 hominibus
917 1867 1047 1899 delegata
1062 1869 1135 1891 sunt.
1161 1868 1220 1899 Ego
1234 1868 1346 1899 quidem
1362 1869 1391 1891 in
1406 1869 1460 1892 Dei
1475 1870 1683 1901 omnipotentis
1699 1872 1815 1895 nomine
1829 1871 1914 1896 Gum-

68 1914 156 1942 berto,
176 1914 235 1937 filio
256 1913 398 1945 quondam
420 1913 527 1942 Litolfi,
541 1913 574 1936 de
594 1914 688 1936 castro
704 1911 846 1943 Carraria,
862 1914 909 1944 qui
927 1912 1057 1944 professo
1072 1920 1133 1936 sum
1146 1920 1179 1936 ex
1192 1914 1314 1937 nacione
1328 1921 1389 1937 mea
1402 1913 1463 1945 lege
1478 1915 1574 1938 vivere
1588 1914 1852 1947 Longobardorum,
1867 1917 1912 1946 do,

71 1958 147 1986 cedo,
166 1958 249 1982 trado
269 1960 354 1989 atque
368 1957 453 1982 offero
469 1958 498 1981 in
519 1957 658 1981 iamdicto
680 1958 856 1981 monasterio
869 1957 1028 1981 beatissimi
1042 1957 1139 1982 Sancti
1154 1956 1280 1986 Steffan1,
1294 1959 1341 1988 qui
1357 1958 1396 1981 ibi
1415 1965 1465 1989 pro
1479 1960 1605 1991 tempore
1618 1959 1830 1985 humilitaverit
1842 1961 1912 1993 (sic),

71 2010 121 2034 pro
142 2003 294 2027 mercedem
313 2003 341 2026 et
360 2003 513 2026 remedium
534 2002 627 2026 anime
648 2009 707 2025 mee
727 2003 754 2026 et
774 2003 868 2026 anime
887 2002 1071 2033 parentorum
1092 2009 1215 2025 meorum
1235 2003 1263 2025 et
1283 2009 1331 2033 per
1344 2002 1416 2026 hanc
1430 2005 1586 2034 presentem
1601 2005 1734 2035 paginam
1749 2005 1912 2030 offersionis

69 2054 126 2071 mee
146 2055 161 2071 a
180 2047 226 2071 die
245 2047 370 2079 presenti
389 2049 417 2070 et
435 2047 512 2076 hora,
534 2046 608 2070 sicut
627 2046 673 2070 hic
694 2046 792 2070 subtus
812 2046 1005 2076 declaravero⁷
1025 2054 1040 2070 a
1069 2047 1129 2070 iure
1157 2046 1286 2078 pred1cto
1316 2047 1488 2070 monasterio
1517 2046 1711 2079 proprietario
1740 2050 1857 2073 nomine
1876 2050 1911 2074 ad

68 2091 226 2116 habendum
247 2091 383 2115 confirmo
404 2092 496 2123 ipsum
516 2091 695 2115 massaricias
715 2091 785 2115 duas
805 2093 832 2115 et
852 2092 931 2123 pecia
952 2099 1008 2115 una
1028 2091 1061 2115 de
1082 2093 1156 2115 terra
1175 2092 1301 2115 casaliva
1322 2100 1383 2115 cum
1402 2099 1466 2115 casa
1486 2099 1567 2124 super
1587 2100 1614 2116 se
1628 2093 1748 2117 habente
1763 2094 1832 2118 iuris
1847 2095 1911 2123 mei,

72 2143 140 2167 quas
159 2144 211 2169 ego
230 2137 331 2161 habere
351 2137 429 2160 visus
449 2144 508 2160 sum
529 2136 559 2160 in
579 2137 719 2160 comitatu
740 2137 898 2167 patavensi,
918 2136 948 2160 in
969 2136 1033 2160 loco
1053 2137 1080 2160 et
1100 2136 1190 2160 fundo
1212 2137 1363 2161 Pernumia
1383 2138 1410 2160 et
1423 2137 1454 2160 in
1469 2135 1611 2162 Carraria.
1644 2138 1692 2162 Est
1707 2139 1768 2170 ipsa
1782 2140 1909 2171 predicta

68 2182 148 2213 pecia
167 2181 200 2205 de
219 2182 293 2206 terra
313 2182 440 2206 casaliva
461 2189 522 2205 cum
543 2188 607 2205 casa
627 2181 769 2212 paladicia
791 2182 820 2204 in
841 2181 969 2214 preditto
989 2181 1055 2205 loco
1073 2180 1205 2205 Carrarie
1224 2188 1306 2213 super
1326 2181 1414 2205 fluvio
1435 2181 1607 2216 Vigincone,
1628 2183 1740 2207 coheret
1760 2185 1784 2207 ei
1806 2184 1839 2208 de
1852 2192 1911 2208 uno

68 2226 155 2250 latere
174 2226 267 2254 Millo.
287 2226 518 2256 archidiaconus,
536 2225 630 2256 habet,
649 2226 683 2249 de
703 2225 760 2250 alio
778 2225 866 2250 latere
885 2226 999 2250 heredes
1018 2225 1119 2250 Litolfi
1133 2226 1245 2255 habent,
1259 2226 1292 2249 de
1306 2233 1363 2250 uno
1378 2226 1470 2257 capite
1490 2227 1545 2258 via,
1562 2227 1595 2250 de
1609 2227 1667 2251 alio
1681 2227 1810 2259 predicto
1823 2228 1910 2252 fluvio

68 2270 229 2304 Vigincone
248 2273 464 2303 percurrentem.
502 2270 574 2294 Sunt
594 2271 667 2302 ipses
687 2271 827 2302 predictes
847 2272 1024 2294 massaricies
1045 2271 1074 2294 in
1095 2272 1297 2302 prenominato
1318 2271 1382 2294 loco
1403 2272 1430 2294 et
1446 2271 1534 2295 fundo
1548 2271 1713 2296 Pernumia:
1734 2274 1826 2305 prima
1841 2281 1910 2297 mas-

68 2316 181 2346 saricia,
200 2315 248 2346 qui
267 2317 311 2340 est
330 2317 406 2339 recta
425 2317 453 2339 et
472 2315 601 2339 laborata
622 2323 670 2347 per
689 2315 844 2339 Iohannem
864 2315 909 2339 del
930 2316 1036 2347 Pucgoe
1064 2316 1185 2339 secunda
1210 2316 1372 2339 massaricia
1393 2323 1440 2346 per
1461 2316 1595 2348 Max-tino,
1617 2316 1716 2340 llberis
1735 2317 1908 2348 hominibus,

66 2362 96 2384 ut
116 2361 223 2384 dictum
242 2362 293 2391 est,
307 2362 364 2384 tam
384 2361 458 2384 casis
477 2367 538 2384 cum
559 2360 745 2384 sediminibus
763 2367 867 2391 earum,
881 2368 943 2384 cum
963 2368 1041 2384 casas
1061 2368 1144 2392 super
1158 2367 1185 2384 se
1199 2360 1320 2384 habente
1338 2362 1366 2384 et
1380 2367 1436 2384 una
1451 2368 1513 2384 curn
1533 2361 1629 2390 curtis,
1650 2362 1732 2390 areis,
1752 2364 1779 2386 et
1793 2363 1826 2386 de
1839 2362 1908 2386 foris

67 2412 134 2428 vero
155 2404 221 2428 aliis
239 2405 324 2428 terris
344 2405 477 2428 casalivis
498 2406 524 2428 et
544 2405 627 2428 terris
648 2406 782 2428 aratoriis
802 2412 850 2429 seu
869 2405 968 2437 vigris,
990 2405 1082 2429 vineis
1102 2412 1163 2428 cum
1184 2406 1256 2428 areis
1277 2412 1398 2435 suarum,
1419 2406 1536 2436 campis,
1556 2407 1654 2437 pratis,
1680 2408 1801 2438 pascuis
1826 2407 1908 2430 silvis

67 2457 97 2473 ac
117 2449 262 2477 stellariis,
283 2449 365 2479 rivis,
385 2449 496 2480 rupinis
516 2456 546 2472 ac
567 2449 727 2480 paludibus,
747 2449 835 2473 cultis
854 2450 882 2474 et
902 2449 1030 2480 incultis,
1049 2449 1151 2473 divisis
1171 2450 1197 2472 et
1218 2448 1362 2477 indivisis,
1379 2457 1434 2473 una
1454 2457 1516 2473 cum
1536 2450 1647 2480 finibus,
1667 2451 1847 2482 terminibuS‚
1864 2459 1907 2475 ac-

152 2564 156 2579 ¹
179 2565 263 2589 Altro
283 2565 363 2597 figlio
384 2566 411 2589 di
434 2565 556 2595 Litolfo,
576 2566 598 2589 il
621 2566 704 2597 quale
724 2566 953 2597 probabilmente

63 2607 135 2631 mori
156 2614 240 2631 senza
259 2607 364 2631 lasciar
383 2607 471 2639 prole¹
492 2615 570 2632 come
590 2608 610 2631 il
636 2608 758 2632 fratello
778 2608 893 2633 Enrico.
931 2608 954 2632 11

63 2657 114 2673 sno
134 2657 216 2674 nome
236 2650 343 2674 ricorre
369 2650 498 2674 soltanto
519 2651 548 2674 in
570 2658 624 2674 una
645 2652 723 2674 carta
743 2651 771 2674 di
793 2651 954 2675 donazione

63 2692 107 2716 del
141 2699 174 2716 20
205 2693 320 2716 ottobre
354 2698 429 2724 1077,
461 2693 572 2717 riferita
606 2693 652 2717 dal
686 2695 787 2717 nostro
817 2693 955 2723 cronista,

63 2733 157 2758 dende
177 2734 204 2758 la
224 2733 297 2758 tolse
316 2733 337 2757 il
358 2733 482 2764 Gmnm,
503 2735 566 2759 Cod.
587 2735 703 2765 diplom„
725 2734 745 2764 1,
766 2740 825 2766 271,
845 2741 873 2758 n.
894 2741 955 2766 244·

61 2775 85 2799 11
106 2776 245 2800 Brunacci
265 2776 345 2808 parla
359 2776 447 2805 (Hist.
460 2777 522 2800 eccl.
537 2777 594 2805 cit.,
613 2775 634 2805 Ι,
648 2775 708 2807 485,
724 2776 740 2800 l.
762 2776 839 2807 XIII)
859 2777 889 2800 di
915 2785 952 2801 un

63 2818 195 2843 autentico
214 2819 350 2842 esistente
375 2825 471 2850 presso
490 2818 596 2843 l’Arch.
616 2818 762 2850 Papafava
783 2819 812 2842 di
831 2818 858 2844 S.
885 2819 954 2843 Gio-

62 2861 159 2890 vanni,
178 2860 293 2884 diverso
313 2860 388 2884 dalla
408 2862 538 2893 presente
558 2861 651 2892 copia,
673 2869 686 2884 e
710 2861 799 2885 rileva
827 2861 955 2893 l‘impor-

61 2903 147 2925 tanza
161 2902 204 2926 del
219 2903 389 2927 documento
404 2911 452 2934 per
467 2902 487 2926 il
502 2904 617 2927 ricordo
633 2903 890 2928 dell’arcidiacono
901 2904 954 2927 Mi-

62 2943 137 2972 lone,
156 2945 205 2976 poi
227 2952 349 2969 vescovo
368 2944 424 2978 (sul
451 2945 534 2977 quale
560 2945 595 2970 cf.
623 2946 767 2973 Romam,
787 2947 826 2970 Le
851 2947 958 2978 origini

60 2987 119 3016 cit.,
138 2993 164 3018 p.
185 2992 217 3017 23
237 2993 251 3010 e
272 2985 325 3017 56),
343 2987 394 3011 che
414 2987 448 3011 da
467 2988 563 3011 alcuni
585 2989 607 3011 si
630 2988 708 3012 volle
728 2988 758 3012 di
774 2987 953 3013 nazionalitii

1007 2566 1130 2595 tedesca,
1150 2566 1298 2589 contrario
1318 2566 1344 2589 al
1366 2565 1536 2598 pontificato
1557 2574 1570 2590 e
1584 2567 1699 2592 fautore
1719 2567 1795 2598 degli
1818 2569 1904 2599 impe-

1008 2609 1107 2635 ratori,
1123 2607 1157 2631 da
1178 2608 1246 2632 altri
1261 2607 1290 2631 di
1313 2605 1492 2632 nazionalita
1512 2608 1646 2633 italiana.
1682 2608 1706 2632 11
1723 2608 1907 2642 Ce01d0(Al-

1008 2650 1068 2674 bero
1088 2652 1146 2680 cit.,
1167 2657 1192 2682 p.
1207 2648 1234 2681 3)
1249 2649 1363 2673 ravviso
1379 2651 1408 2674 in
1423 2650 1461 2674 lui
1484 2652 1564 2682 quasi
1580 2659 1616 2675 un
1633 2652 1757 2675 membro
1773 2652 1849 2675 della
1866 2653 1905 2675 sa-

1009 2692 1109 2724 miglia
1127 2691 1161 2715 da
1175 2689 1295 2716 Carrara
1316 2699 1364 2722 per
1383 2699 1457 2716 esser
1477 2693 1637 2724 padovano,
1660 2694 1769 2717 fautore
1783 2694 1903 2718 dell’im-
1937 2699 1964 2723 ¹5

1010 2736 1148 2766 peratore,
1169 2742 1182 2757 e
1203 2741 1251 2765 per
1271 2734 1404 2765 posseder
1422 2735 1487 2758 beni
1510 2736 1539 2758 in
1560 2734 1690 2766 carrara,
1710 2736 1722 2749 “
1735 2736 1808 2759 dove
1828 2738 1904 2759 tutto

1012 2776 1083 2800 “era
1104 2776 1248 2799 assorbito
1268 2777 1302 2799 da
1317 2776 1379 2807 quc’
1398 2777 1555 2809 Signori„:
1576 2784 1620 2801 ma
1634 2777 1686 2800 ben
1704 2778 1834 2809 vagliato
1849 2778 1904 2801 tale

1009 2820 1118 2842 asserto
1140 2825 1197 2841 non
1217 2818 1251 2841 ha
1272 2818 1375 2842 alcuna
1396 2819 1515 2850 ragione
1537 2819 1564 2843 di
1587 2817 1770 2851 probabilita.

1096 2859 1107 2875 2
1128 2861 1167 2884 Fu
1189 2860 1354 2891 pubblicato
1371 2861 1400 2884 in
1415 2860 1541 2890 GLomA,
1558 2862 1620 2886 Cod.
1636 2862 1789 2892 ‹lipl.pml.,
1809 2861 1829 2892 Ι,
1845 2867 1903 2893 271,

1011 2913 1036 2928 n.
1058 2911 1115 2935 244-
1149 2903 1194 2927 Cf.
1210 2905 1371 2933 Bnumccx,
1394 2905 1498 2928 Histor.
1513 2906 1584 2933 eccl„
1599 2905 1617 2928 1.
1631 2904 1705 2933 XIII,
1727 2905 1784 2929 vol.
1802 2905 1822 2933 Ι,
1837 2904 1902 2936 485;
1932 2910 1965 2927 20

1009 2946 1135 2976 Onsxro,
1151 2945 1398 2975 llist.pa110v.,111,
1410 2953 1437 2977 p.
1451 2953 1470 2974 1,
1484 2954 1511 2978 p.
1526 2953 1574 2978 ²47
1589 2945 1754 2978 (attribuito
1766 2947 1792 2970 al
1809 2946 1905 2979 1073);

1010 2988 1135 3015 Caonno.
1158 2988 1257 3012 silbero
1276 2989 1334 3016 cit.,
1356 2996 1381 3020 p.
1403 2994 1415 3011 2
1437 2995 1488 3019 sg.:
1511 2990 1539 3012 S.
1559 2988 1684 3021 Stefana,
1703 2997 1729 3020 p.
1753 2996 1781 3020 13
1803 2996 1842 3019 sg.
