2346 3597
385 159 458 193 206
734 141 917 192 GESTA‘
935 156 1238 192 MAGNIFICA
1267 156 1450 191 DOMUS
1479 157 1868 193 CARRARIENSIS

381 292 409 314 et
427 289 554 314 edificiis
573 290 600 313 et
619 289 744 321 predicte
763 289 839 321 petie
858 290 996 312 terrarum
1014 290 1041 312 et
1062 289 1254 320 possessiones
1274 290 1300 312 et
1320 289 1383 321 jura
1402 295 1465 312 cum
1484 290 1662 321 proprietate
1680 291 1707 312 et
1733 289 1865 313 dominio
1892 290 2020 321 ipsorum
2047 290 2110 322 plus
2137 291 2215 315 dicto

382 335 477 367 precio
497 341 543 357 seu
565 334 661 364 aliquo
681 335 758 366 justo
778 335 872 368 precio
888 341 961 357 nunc
978 333 1072 357 valent
1087 333 1130 356 vel
1145 333 1175 356 in
1190 335 1336 364 posterum
1357 333 1512 362 valuerint,
1531 334 1709 365 supradictus
1724 333 1858 357 venditor
1872 335 1990 357 nomine
2002 341 2080 366 pure,
2098 341 2172 359 mere
2185 342 2217 359 ac

382 378 579 402 irrevocabilis
599 378 779 406 donacionis,
798 386 850 409 que
870 378 977 402 dicitur
999 379 1072 401 inter
1092 378 1184 405 vivOS,
1206 385 1259 408 que
1280 377 1403 401 donacio
1424 377 1548 410 amplius
1567 379 1696 402 revocari
1719 385 1777 402 non
1797 379 1888 409 possit
1902 378 1997 410 aliqua
2011 380 2220 411 ingratitudine

380 424 423 447 vel
444 423 550 447 offensa
571 430 671 454 magna
692 423 735 446 vel
757 430 853 454 parva,
874 430 923 446 nec
944 424 980 446 ob
1001 422 1029 446 id
1050 423 1123 453 quod
1145 422 1181 447 sit
1202 423 1338 446 immensa
1358 424 1386 446 et
1406 429 1464 446 non
1485 422 1523 446 sit
1544 424 1614 446 actis
1635 424 1782 447 insinuata
1802 429 1897 447 coram
1911 423 2023 454 preside
2039 423 2083 447 vel
2097 426 2217 456 pretore,

381 469 472 492 totum
491 468 529 496 id,
549 467 622 498 quod
639 467 702 499 plus
717 467 812 491 valent
832 467 875 490 vel
890 468 920 490 in
935 468 1077 499 posterum
1093 467 1246 496 valuerint,
1259 467 1349 490 eidem
1363 467 1485 498 emptori
1506 467 1585 490 dedit
1604 468 1632 490 et
1652 467 1743 497 cessit,
1760 467 1879 498 remisit,
1891 467 2030 491 refutavit
2048 469 2076 491 et
2090 468 2217 496 donavit,

381 520 463 543 quam
484 512 587 541 datam,
607 512 828 541 concessionem,
848 512 1051 539 remissionem,
1072 511 1278 534 refutacionem
1294 512 1321 534 et
1335 511 1526 534 donacionem
1541 511 1665 535 solemni
1678 511 1873 542 stipulacione
1889 511 2023 542 promisit
2037 519 2085 543 per
2099 519 2128 535 se
2140 519 2217 536 suos-

379 564 431 588 que
450 556 565 580 heredes
585 557 643 588 ipsi
662 557 786 588 emptori
808 558 836 580 et
855 558 912 579 suis
932 556 1081 580 heredibus
1103 556 1216 579 firmam
1242 558 1269 579 et
1283 557 1374 579 ratam
1394 555 1506 584 habere,
1524 557 1620 579 tenere
1634 557 1660 579 et
1682 563 1739 579 non
1759 556 1960 580 contravenire
1979 556 2076 587 aliqua
2095 556 2218 585 racione,

378 602 439 633 jure
458 601 502 625 vel
523 608 615 629 causa,
634 602 805 625 renuncians
826 608 908 633 super
926 601 981 624 hoc
1001 600 1047 625 iili
1067 600 1133 632 legi.
1153 607 1205 631 que
1225 600 1297 624 dicit
1316 600 1505 624 donacionem
1523 600 1628 631 absque
1649 602 1778 624 actorum
1796 601 1998 624 insinuacione
2018 601 2123 625 factam
2142 600 2217 624 ultra

379 647 553 677 quingentos
571 653 673 670 aureos
694 653 750 669 non
771 645 866 669 valere
886 646 915 669 in
937 653 969 669 eo
990 645 1064 676 quod
1084 646 1205 672 excedit,
1226 646 1253 668 et
1272 645 1405 668 omnibus
1424 644 1534 676 juribus
1548 646 1576 668 et
1590 645 1706 668 statutis
1726 644 1911 676 loquentibus
1924 645 1958 668 de
1971 645 2116 668 immensis
2129 644 2219 668 dona-

379 691 521 719 cionibus,
542 690 642 714 volens
661 692 687 714 et
709 690 859 713 intendens
879 697 963 713 unam
989 692 1017 713 et
1043 689 1136 721 plures
1163 689 1336 712 donaciones
1359 684 1449 712 facer'e
1469 688 1502 712 de
1521 696 1564 717 ec,
1589 689 1664 720 quod
1690 688 1802 712 excedit
1829 696 1967 712 summam
1992 690 2214 721 quingentorum

379 742 578 765 aureorum,ac
598 735 620 758 si
642 734 769 765 legitime
790 734 863 758 foret
883 735 945 765 ipsa
966 734 1087 757 donacio
1108 734 1220 765 publice
1241 734 1394 757 insinuata.
1433 733 1467 756 Et
1487 733 1605 764 insuper
1618 741 1650 757 ex
1668 733 1806 766 predictis
1821 733 1913 757 causis
1928 734 2022 757 dictus
2035 733 2170 757 venditor
2189 735 2217 756 et

380 781 464 804 modo
485 779 614 811 predicto
635 779 758 803 donator
778 780 867 803 eidem
887 779 1011 811 emptori
1031 779 1125 809 cessit,
1143 779 1265 802 tradidit
1285 780 1367 809 atque
1388 777 1537 802 mandavit
1550 780 1577 802 et
1593 779 1622 802 in
1636 785 1699 802 eum
1713 779 1865 802 transtulit
1878 779 1977 802 omnia
1989 779 2051 811 jura
2065 785 2218 809 omnesque

379 825 510 848 acciones
526 826 553 847 et
575 824 711 851 raciones,
731 824 819 847 reales
838 825 866 847 et
885 823 1058 855 personales.
1078 823 1165 847 utiles
1179 825 1206 846 et
1221 823 1352 851 directas,
1367 824 1470 846 tacitas
1484 824 1511 846 et
1525 829 1683 854 expressas,
1696 830 1850 854 corporeas
1863 825 1891 847 et
1903 823 2098 855 incorporeas,
2112 824 2217 846 mixtas

375 871 402 893 et
423 870 578 896 immixtas,
599 869 808 900 privilegiatas,
827 875 879 899 que
898 870 925 891 et
945 875 1013 899 quas
1033 868 1154 892 habebat
1174 868 1219 891 vel
1241 867 1391 891 videbatur
1410 867 1511 891 habere
1533 868 1562 890 in
1583 867 1722 899 predictis
1743 867 1934 891 sediminibus
1959 875 2021 891 cum
2041 861 2171 891 domibus
2189 868 2217 890 et

377 913 504 937 edificiis
523 914 551 936 et
571 913 599 935 in
620 912 756 944 predictis
775 912 863 945 peciis
883 914 1020 936 terrarum
1040 914 1067 936 et
1087 912 1324 943 possessionibus,
1334 914 1392 935 tam
1404 912 1465 944 jure
1479 912 1605 935 dominii
1619 913 1646 935 et
1659 912 1858 943 proprietatis,
1875 919 1957 942 quam
1970 912 2070 943 aliquo
2084 911 2144 935 alio
2155 911 2216 944 jure

379 958 421 981 vel
449 957 538 981 titulo
565 958 664 980 contra
689 956 796 980 dictum
824 957 971 980 dominum
996 956 1174 980 Aventuram
1200 957 1234 980 de
1259 956 1408 980 Todescha
1434 956 1610 980 libellarium
1637 958 1664 980 et
1690 958 1791 980 contra
1817 963 2044 987 unamquamque
2065 962 2216 988 personam

376 1002 534 1031 habentem,
553 1002 703 1031 tenentem,
725 1001 919 1033 possidentem
940 1001 984 1024 vel
1005 1000 1117 1032 aliquid
1135 1008 1170 1024 ex
1190 1002 1231 1024 eis
1250 1001 1454 1032 impedientem
1475 1002 1504 1025 in
1524 1002 1627 1030 totum,
1648 1001 1701 1024 veL
1720 1001 1749 1024 in
1773 1002 1891 1032 partem,
1911 1002 1960 1024 aut
1984 1000 2164 1033 particulam,
2185 1001 2217 1024 ut

377 1054 392 1070 a
413 1046 498 1070 modo
517 1046 592 1070 idem
612 1047 724 1077 emptor
742 1047 856 1076 eiusque
874 1045 997 1073 heredes,
1018 1047 1066 1069 aut
1086 1045 1131 1069 cui
1151 1046 1195 1069 vel
1215 1046 1316 1076 quibus
1336 1045 1467 1069 dederint
1479 1046 1542 1078 jura
1562 1052 1620 1074 sua,
1635 1046 1747 1076 possint
1767 1046 1794 1068 et
1814 1045 1934 1068 debeant
1949 1045 1989 1068 ita
2003 1045 2112 1069 directe
2125 1051 2216 1076 agere,

376 1091 524 1123 placitare,
544 1091 637 1121 petere
657 1092 684 1113 et
703 1091 816 1121 exigere
835 1090 1000 1121 supradicta
1019 1089 1161 1113 sedimina
1185 1097 1247 1113 cum
1275 1090 1406 1113 domibus
1429 1091 1456 1114 et
1482 1089 1602 1113 edificiis
1627 1097 1710 1122 super
1735 1089 1889 1113 edifficatis
1909 1091 1936 1112 et
1955 1089 2097 1122 predictas
2119 1089 2214 1121 pecias

376 1138 513 1159 terrarum
534 1136 561 1158 et
581 1134 774 1165 possessiones
793 1136 821 1158 et
841 1135 1045 1165 proprietatem
1065 1135 1092 1157 et
1112 1134 1272 1158 dominium
1293 1134 1419 1166 ipsorum
1439 1136 1466 1158 et
1487 1135 1613 1166 ipsarum
1638 1135 1672 1158 ab
1699 1134 1833 1158 omnibus
1859 1135 1887 1157 et
1912 1134 2036 1165 singuiis
2061 1135 2089 1157 et
2114 1135 2214 1157 contra

377 1187 474 1203 omnes
493 1182 520 1203 et
538 1179 668 1210 singulos
689 1179 831 1209 habentes,
853 1179 981 1202 tenentes
1000 1180 1028 1201 et
1047 1178 1237 1209 possidentes,
1251 1186 1298 1202 seu
1313 1178 1424 1210 aliquid
1444 1185 1478 1202 ex
1497 1179 1538 1202 eis
1558 1178 1757 1210 impedientes,
1772 1180 1798 1202 et
1813 1179 1905 1210 ipsum
1919 1178 2048 1210 plenarie
2062 1179 2215 1201 convenire

377 1227 403 1248 et
423 1232 474 1256 pro
495 1224 632 1255 predictis
652 1223 840 1246 sediminibus
860 1230 923 1246 cum
943 1222 1073 1246 domibus
1093 1224 1121 1246 et
1140 1223 1261 1247 edificiis
1280 1224 1308 1247 et
1327 1230 1379 1254 pro
1399 1224 1487 1247 dictis
1506 1223 1596 1255 peciis
1625 1225 1763 1247 terrarum
1789 1225 1816 1247 et
1842 1223 2071 1255 possessionibus
2095 1224 2124 1246 et
2149 1230 2216 1254 pro-

375 1270 498 1300 prietate
516 1269 543 1291 et
563 1268 696 1292 dominio
717 1267 843 1298 ipsorum
863 1269 891 1291 et
911 1267 1034 1298 ipsarum
1057 1268 1174 1295 causari,
1194 1267 1330 1298 experiri,
1349 1268 1466 1299 pacisci,
1479 1269 1620 1299 excipere,
1639 1274 1808 1299 causamque
1822 1268 1896 1291 tueri
1916 1269 1944 1291 et
1957 1274 1985 1291 se
1999 1269 2027 1291 et
2046 1267 2123 1291 dicta
2141 1266 2215 1290 sedi-

376 1314 452 1337 mina
473 1320 534 1336 cum
555 1312 684 1336 domibus
704 1313 731 1335 et
751 1311 872 1335 edificiis
892 1313 919 1335 et
939 1311 1030 1335 dictas
1049 1311 1144 1344 pecias
1164 1313 1301 1336 terrarum
1322 1313 1350 1335 et
1369 1313 1562 1343 possessiones
1582 1319 1643 1336 cum
1664 1312 1796 1336 dominio
1810 1313 1838 1336 et
1851 1313 2028 1343 proprietate
2048 1313 2174 1343 ipsorum
2187 1312 2215 1335 et

375 1359 499 1389 ipsarum
520 1357 673 1380 deffendere
693 1358 721 1380 et
741 1358 924 1380 manutenere
943 1356 978 1379 ab
998 1356 1131 1380 omnibus
1150 1358 1177 1380 et
1203 1363 1251 1388 per
1276 1357 1381 1384 omnia,
1407 1356 1643 1388 quemadmodum
1663 1357 1808 1388 predictus
1827 1351 2074 1380 venditor'sacere
2092 1357 2213 1387 poterat,

375 1403 554 1426 constituens
574 1409 635 1426 eum
657 1403 868 1433 procuratorem
888 1401 919 1424 in
939 1408 997 1424 rem
1016 1408 1093 1424 suam
1113 1402 1141 1424 et
1166 1401 1303 1433 ponendo
1323 1408 1386 1425 eum
1412 1402 1443 1424 in
1469 1401 1563 1425 locum
1589 1408 1678 1425 suum.
1715 1402 1847 1425 Preterea
1873 1401 1967 1426 dictus
1989 1399 2016 1424 d.
2035 1400 2213 1430 Franciscus,

375 1454 399 1477 q.
420 1446 445 1470 d.
465 1445 563 1470 Uberti
585 1447 618 1470 de
638 1445 812 1474 Boccadava,
831 1446 967 1469 venditor
986 1447 1014 1468 et
1033 1445 1118 1469 modo
1138 1446 1268 1476 predicto
1288 1446 1420 1475 donator,
1433 1445 1552 1469 solemni
1568 1445 1761 1477 stipulacione
1781 1444 1898 1474 vallata,
1917 1446 1978 1469 sine
1999 1444 2094 1476 aliqua
2112 1451 2213 1476 excep-

375 1491 456 1514 cione
474 1491 547 1523 juris
568 1491 610 1514 vel
632 1490 710 1518 facti,
729 1497 756 1513 se
777 1489 934 1521 obligando
954 1490 1089 1521 promisit
1109 1490 1188 1513 dicto
1207 1489 1234 1514 d.
1254 1490 1416 1520 Francisco,
1437 1497 1464 1521 q.
1483 1490 1508 1514 d.
1529 1491 1607 1514 Petri
1628 1489 1761 1518 Comitis,
1772 1490 1904 1520 emptori,
1923 1489 2052 1521 predicta
2072 1489 2213 1512 sedimina

375 1542 438 1558 cum
457 1534 588 1558 domibus
607 1536 634 1558 et
653 1533 774 1558 edificiis
794 1541 876 1565 super
895 1533 1034 1558 edificatis
1053 1535 1081 1557 et
1099 1534 1242 1565 predictas
1262 1535 1356 1567 pecias
1375 1536 1513 1558 terrarum
1527 1536 1554 1558 et
1569 1534 1764 1567 possessiones
1777 1536 1804 1558 et
1824 1541 1886 1557 cum
1899 1533 2031 1558 dominio
2049 1535 2076 1557 et
2090 1533 2215 1565 proprie-

375 1581 433 1604 tate
453 1581 481 1603 et
502 1581 559 1603 iure
579 1579 767 1612 proprietatis
786 1578 948 1603 eorumdem
967 1581 995 1603 et
1013 1579 1171 1603 earumdem
1191 1580 1216 1602 ei
1236 1581 1263 1603 et
1283 1580 1341 1603 suis
1360 1579 1509 1603 heredibus
1529 1587 1578 1611 per
1597 1587 1626 1603 se
1646 1586 1765 1611 suosque
1784 1579 1899 1602 heredes
1924 1580 2091 1609 guarentare
2110 1580 2138 1602 et
2156 1577 2213 1602 def—

375 1624 498 1652 fendere,
524 1625 702 1657 auetoricare
720 1625 749 1648 et
768 1624 901 1656 expedire
920 1623 954 1647 ab
973 1624 1052 1647 omni
1071 1623 1187 1647 homine
1207 1625 1234 1647 et
1253 1625 1331 1647 omni
1352 1631 1472 1654 persona
1491 1625 1519 1648 et
1537 1624 1572 1648 ab
1592 1625 1670 1648 omni
1692 1625 1773 1655 parte
1792 1626 1819 1647 et
1839 1624 1916 1647 omni
1937 1622 2072 1654 collegio,
2098 1623 2212 1647 comuni

375 1670 403 1692 et
428 1669 617 1693 universitate
643 1670 672 1692 in
692 1668 869 1700 proprietate
888 1669 919 1691 et<
933 1669 1013 1699 quasi
1034 1668 1219 1700 proprietate,
1238 1668 1268 1692 in
1290 1669 1468 1700 possessione
1487 1670 1515 1693 et
1529 1669 1609 1699 quasi
1624 1669 1813 1699 possessione,
1831 1667 1914 1692 salvo
1931 1668 1992 1701 jure
2012 1667 2161 1696 libellarii,
2182 1668 2213 1691 ut

375 1713 484 1736 dictum
503 1715 544 1736 est
570 1720 663 1744 supra,
683 1713 732 1736 sub
752 1720 824 1745 pena
844 1712 924 1745 dupli
944 1712 1017 1736 dieti
1036 1713 1124 1744 precii
1147 1714 1194 1736 aut
1214 1713 1321 1736 valoris
1342 1713 1484 1737 dictorum
1505 1713 1674 1736 sedimiuum
1694 1720 1757 1736 cum
1777 1711 1907 1736 domibus
1932 1713 1960 1736 et
1984 1711 2106 1735 edificiis
2130 1719 2214 1743 super

373 1757 512 1781 edificatis
531 1759 558 1781 et
579 1758 702 1789 ipsarum
723 1757 875 1788 peciarum,
895 1759 1033 1780 terrarum
1046 1758 1074 1780 et
1088 1758 1299 1787 possessionum
1319 1765 1381 1781 cum
1395 1757 1527 1781 dominio
1541 1758 1568 1780 et
1587 1757 1766 1789 proprietate
1778 1757 1905 1788 ipsorum
1919 1758 1947 1780 et
1960 1756 2094 1788 ipsarum,
2114 1755 2212 1780 damni

375 1804 402 1826 et
421 1802 557 1826 interesse
576 1802 781 1826 extimacionis
799 1802 843 1825 vel
864 1802 1075 1825 melioramenti
1095 1803 1220 1834 ipsorum
1240 1803 1268 1825 et
1285 1803 1420 1834 ipsarum,
1442 1802 1595 1826 secundum
1615 1802 1690 1833 quod
1712 1809 1762 1832 pro
1783 1803 1910 1832 tempore
1929 1800 2036 1825 suerint
2061 1800 2211 1824 meliorata

375 1848 422 1870 aut
443 1847 472 1869 iu
493 1846 639 1870 consimili
660 1847 725 1870 loco
744 1846 809 1878 plus
829 1846 974 1870 valuerint
994 1846 1044 1870 sub
1064 1846 1256 1870 extimacione
1276 1846 1415 1870 bonorum
1435 1846 1582 1870 hominum
1604 1846 1680 1870 facta
1700 1846 1832 1877 expensis
1852 1844 2014 1869 venditoris
2028 1845 2058 1868 in
2077 1846 2170 1869 totum
2183 1846 2212 1869 et

375 1891 405 1914 in
432 1891 539 1923 partem
566 1897 613 1914 seu
631 1890 811 1923 particulam,
833 1891 894 1915 sive
913 1891 1052 1921 obtineat,
1074 1892 1134 1914 sive
1154 1891 1316 1914 succumbat
1337 1892 1366 1914 iu
1387 1897 1479 1920 causa,
1499 1898 1561 1914 cum
1582 1891 1715 1914 omnibus
1734 1890 1866 1922 expensis
1887 1890 1954 1913 inde
1976 1889 2127 1920 faciendis,
2145 1889 2213 1913 data

372 1936 513 1959 electione
532 1936 609 1959 dicto
630 1936 759 1967 emptori,
779 1936 854 1966 quod
873 1935 1068 1967 predictorum
1088 1935 1231 1964 maluerit,
1251 1937 1344 1959 utrum
1364 1935 1434 1959 velit
1454 1942 1536 1967 agere
1554 1935 1590 1958 ad
1611 1935 1726 1966 duplum
1748 1934 1818 1958 dicti
1845 1934 1934 1966 precii
1962 1934 2005 1958 vel
2031 1934 2066 1958 ad
2093 1934 2210 1966 duplum

370 1981 575 2004 extimacionis
588 1981 626 2003 rei
648 1979 773 2003 vendite.
811 1980 846 2003 Et
866 1980 890 2003 si
910 1981 1020 2011 questio
1041 1980 1136 2011 aliqua
1157 1980 1190 2004 de
1209 1979 1344 2012 predictis
1364 1979 1552 2004 sediminibus
1572 1987 1633 2003 cum
1654 1979 1787 2003 domibus
1806 1980 1834 2002 et
1853 1978 1974 2003 edificiis
1987 1980 2015 2002 et
2028 1978 2062 2002 de
2076 1979 2212 2011 predictis

374 2025 461 2056 peciis
481 2027 617 2048 terrarum
638 2026 665 2048 et
684 2025 914 2056 possessionibus
934 2025 962 2048 et
981 2032 1042 2048 cum
1069 2024 1200 2048 dominio
1224 2026 1252 2048 et
1277 2025 1455 2057 proprietate
1481 2026 1606 2057 ipsorum
1627 2026 1653 2048 et
1680 2025 1806 2055 ipsarum
1825 2023 1856 2047 in
1876 2025 1969 2047 totum
1987 2023 2033 2047 vel
2052 2023 2082 2046 in
2103 2025 2210 2055 partem

375 2071 422 2093 aut
442 2068 612 2100 particulam
631 2069 723 2093 eidem
742 2071 865 2101 emptori
887 2070 931 2093 vel
951 2070 1011 2093 eius
1030 2069 1181 2093 heredibus
1201 2071 1277 2093 mota
1298 2069 1384 2093 suerit
1404 2069 1438 2092 de
1455 2070 1524 2101 jure,
1539 2069 1583 2092 vel
1597 2069 1630 2092 de
1644 2068 1731 2098 facto,
1750 2069 1778 2092 et
1798 2068 1823 2091 ei
1836 2069 2038 2092 evincerentur
2054 2068 2116 2101 jure
2134 2067 2213 2092 ordi-

375 2114 466 2142 nario,
484 2114 598 2137 racione
618 2113 742 2137 dominii
763 2113 805 2136 vel
827 2115 915 2144 quasi,
936 2113 1019 2137 utilis
1034 2114 1078 2137 vel
1093 2114 1183 2145 quasi,
1196 2113 1308 2141 directi,
1323 2115 1437 2137 racione
1456 2114 1647 2145 obligacionis
1663 2112 1706 2136 vel
1720 2113 1878 2141 servitutis,
1893 2113 2009 2136 taelone
2022 2112 2212 2144 possessionis

373 2158 417 2181 vel
438 2158 527 2189 quasi,
547 2165 593 2182 seu
613 2158 732 2182 alterius
752 2158 889 2189 cuiusque
909 2159 1035 2182 racionis
1055 2158 1099 2182 vel
1114 2165 1203 2187 cause,
1217 2160 1244 2182 et
1258 2165 1309 2190 pro
1321 2158 1392 2189 ipsis
1405 2158 1616 2188 deffendendis,
1628 2157 1858 2186 manutenendis,
1872 2157 2058 2186 advocandis,
2072 2157 2212 2189 petendis¹

375 2203 556 2234 placitandis,
576 2202 790 2233 auctoricandis
810 2203 853 2226 vel
874 2202 1062 2234 expediendis
1090 2203 1165 2226 idem
1190 2204 1302 2234 emptor
1327 2203 1460 2226 damnum
1490 2202 1606 2234 aliquod
1634 2204 1683 2226 aut
1703 2204 1839 2226 interesse
1865 2209 1963 2234 passus
1993 2202 2089 2231 suerit,
2109 2209 2211 2226 memo-

375 2249 453 2271 ratus
473 2248 606 2271 venditor
625 2249 653 2271 et
671 2247 755 2271 modo
776 2247 906 2278 predicto
926 2247 1050 2271 donator
1070 2254 1118 2278 per
1137 2246 1357 2278 stipulacionem
1377 2247 1532 2270 solemnem
1552 2248 1688 2279 promisit
1708 2247 1774 2271 dare
1793 2249 1821 2270 et
1841 2247 1950 2271 solvere
1969 2246 2060 2271 eidem
2085 2246 2211 2280 emptori

375 2292 532 2323 predictum
553 2293 678 2324 precium
699 2300 760 2315 cum
781 2299 853 2323 pena
873 2291 955 2323 dupli
975 2292 1072 2315 damni
1092 2293 1119 2315 et
1139 2292 1273 2315 interesse
1294 2291 1497 2315 extimacionis
1511 2295 1538 2315 et
1552 2292 1770 2320 melioramenti,
1790 2293 1821 2315 ut
1841 2292 1970 2323 superius
1983 2294 2026 2315 est
2039 2298 2210 2323 expressum,

375 2338 402 2359 et
428 2337 563 2360 resarcire
590 2337 614 2360 ei
637 2337 680 2360 vcl
700 2337 760 2360 eius
781 2336 932 2360 heredibus
952 2343 1050 2359 omnes
1068 2342 1214 2367 expensas,
1233 2343 1302 2367 quas
1322 2336 1395 2359 idem
1419 2337 1531 2367 emptor
1553 2336 1595 2359 vel
1621 2337 1682 2360 eius
1707 2336 1823 2360 heredes
1843 2335 1887 2359 vel
1908 2336 1959 2360 alii
1987 2336 2020 2360 ab
2041 2343 2074 2359 eo
2099 2342 2211 2360 causam

373 2381 507 2404 habentes
525 2381 646 2405 fecerint
666 2388 717 2412 pro
737 2381 875 2413 predictis
894 2383 921 2404 et
941 2380 1064 2412 singulis
1083 2380 1278 2413 predictorum
1298 2380 1327 2404 in
1342 2380 1451 2413 judicio
1471 2380 1516 2404 vel
1536 2382 1615 2404 extra
1629 2381 1767 2413 judicium
1783 2387 1832 2412 per
1846 2387 1874 2404 se
1887 2381 1931 2404 vel
1946 2387 1995 2412 per
2009 2381 2210 2412 interpositam

374 2433 524 2458 personam
545 2427 697 2450 occasione
718 2426 854 2457 predicta,
874 2426 934 2449 sive
954 2426 1114 2455 obtineant,
1135 2426 1194 2449 sive
1213 2425 1397 2449 succumbant
1417 2426 1446 2448 in
1461 2433 1553 2456 causa,
1573 2428 1600 2449 et
1615 2427 1706 2457 ipsum
1721 2425 1881 2450 indemnem
1895 2432 2063 2450 conservare
2077 2425 2127 2449 sub
2140 2431 2213 2457 pena

375 2471 511 2502 predicta,
531 2472 588 2494 suis
610 2471 750 2503 expensiS,
769 2471 908 2494 credendo
929 2471 962 2494 de
981 2470 1120 2501 qualitate
1140 2470 1237 2494 damni
1256 2472 1284 2493 et
1309 2470 1446 2494 iuteresse
1468 2472 1495 2494 et
1515 2478 1701 2502 expensarum
1721 2471 1925 2494 extimacionis
1945 2472 1973 2494 et
1999 2471 2208 2494 melioramenti

374 2515 430 2538 soli
445 2515 569 2547 simplici
586 2515 671 2538 verbo
685 2515 776 2547 ipsius
796 2515 933 2546 emptoris
954 2515 998 2538 vei
1018 2514 1137 2538 alterius
1157 2514 1191 2538 ab
1209 2521 1242 2538 eo
1263 2521 1374 2538 causam
1394 2515 1524 2538 habentis
1545 2515 1648 2546 absque
1668 2515 1777 2546 placito
1791 2517 1969 2539 sacramento
1983 2516 2011 2539 et
2033 2515 2092 2539 alia
2111 2515 2213 2546 proba-

374 2559 464 2587 cione,
478 2566 540 2582 curn
555 2559 738 2591 obligacioue
757 2560 887 2583 omnium
908 2567 1020 2583 suorum
1040 2560 1181 2583 bonorum
1201 2560 1378 2590 presencium
1397 2561 1424 2582 et
1444 2559 1614 2587 futurorum,
1629 2567 1681 2590 que
1701 2566 1753 2591 pro
1773 2559 1850 2583 dicto
1869 2561 1996 2591 tempore
2015 2567 2043 2583 se
2059 2559 2212 2584 coustituit

373 2603 525 2634 possidere,
545 2604 614 2627 dans
635 2605 661 2627 et
681 2604 838 2627 concedens
857 2604 970 2636 plenam
990 2603 1141 2628 licenciam
1159 2605 1186 2627 et
1206 2603 1369 2635 parabolam
1390 2604 1480 2627 eidem
1500 2605 1623 2636 emptori
1645 2604 1774 2628 intrandi
1793 2605 1821 2628 et
1839 2604 2068 2636 apprehendendi
2083 2605 2209 2628 tenutam

374 2650 402 2671 et
420 2648 599 2679 corporalem
618 2649 825 2680 possessiouem
847 2648 880 2672 de
901 2648 1037 2680 predictis
1058 2648 1244 2672 sediminibus
1263 2655 1325 2671 cum
1345 2648 1476 2672 domibus
1495 2650 1523 2673 et
1542 2648 1664 2672 edificiis
1684 2655 1768 2680 super
1787 2648 1926 2672 edificatis
1938 2651 1966 2672 et
1985 2649 2018 2672 de
2038 2649 2210 2680 supradictis

375 2694 464 2723 peciis
485 2694 621 2717 terrarum
641 2695 667 2716 et
687 2693 917 2725 possessionibus
936 2694 964 2716 et
985 2692 1118 2717 dominio
1137 2695 1164 2716 et
1183 2692 1357 2724 proprietate
1378 2693 1514 2724 predictis
1533 2700 1581 2716 sua
1607 2694 1786 2723 auctoritate,
1806 2694 1985 2716 constituens
2004 2699 2032 2717 se
2051 2700 2103 2725 pro
2130 2692 2208 2717 dicto

373 2738 500 2768 emptore
519 2738 647 2768 precario
668 2737 820 2769 possidere,
841 2738 930 2761 donec
950 2739 1077 2761 tenutam
1096 2738 1124 2761 et
1144 2736 1320 2768 corporalem
1340 2738 1549 2769 possessionem
1565 2739 1708 2769 ingressus
1729 2737 1824 2761 suerit.
1850 2737 1906 2761 Pro
1919 2737 2021 2768 quibus
2039 2737 2170 2761 omnibus
2183 2739 2212 2761 et

375 2782 497 2813 singulis
512 2782 703 2813 predictorum
721 2782 904 2806 attendendis
923 2784 951 2806 et
972 2782 1158 2806 observandis
1177 2782 1271 2805 dictus
1290 2781 1315 2804 d.
1342 2781 1518 2812 Franciscus,
1539 2790 1565 2813 q.
1588 2782 1614 2806 d.
1640 2782 1737 2806 l'berti
1765 2782 1798 2806 de
1823 2781 1996 2812 Boccadava,
2024 2782 2157 2806 venditor
2182 2783 2210 2806 et

374 2825 459 2849 modo
480 2826 608 2857 predicto
628 2826 760 2854 donator,
780 2825 909 2858 predicto
929 2826 956 2851 d.
974 2826 1136 2856 Francisco,
1158 2834 1182 2856 q.
1203 2826 1228 2849 d.
1251 2825 1324 2848 Petri
1346 2826 1480 2853 Comitis,
1499 2827 1632 2857 emptori,
1653 2826 1770 2858 pignori
1790 2826 1931 2857 obligavit
1951 2827 2046 2849 onmia
2067 2833 2116 2850 sua
2135 2825 2209 2849 bona

375 2871 493 2894 mobilia
508 2872 533 2893 et
554 2871 724 2901 immobilia,
746 2872 891 2902 presencia
911 2873 938 2895 et
958 2871 1063 2899 sutura,
1082 2872 1109 2895 et
1131 2870 1322 2903 supellectilia
1344 2877 1417 2893 nunc
1437 2871 1535 2894 habita
1555 2873 1581 2894 et
1601 2871 1738 2900 habenda,
1758 2872 1785 2894 et
1804 2877 1835 2894 ea
1855 2871 1939 2901 bona,
1958 2878 2011 2901 que
2030 2870 2064 2894 de
2082 2870 2210 2903 generali

374 2915 555 2945 obligacioue
574 2916 768 2947 excipiuntur,
796 2917 974 2940 constituens
994 2922 1022 2939 se
1042 2922 1094 2947 pro
1114 2915 1194 2939 dicto
1214 2916 1338 2946 emptore
1364 2916 1397 2938 ‹le
1423 2915 1543 2947 pignore
1569 2922 1768 2947 possessorem.
1804 2914 1998 2939 Renunciavit
2017 2922 2129 2946 quoque
2148 2923 2208 2948 pre-

2249 686 2280 713 10

2249 908 2279 934 15

2243 1575 2278 1602 30

2241 1798 2275 1825 35

2241 2020 2277 2047 40

2241 2244 2274 2270 45

2241 2467 2276 2495 50

2239 2690 2273 2717 55

2239 2912 2275 2939 60
