2346 3597
356 2597 387 2614 10

764 182 935 218 GESTA
964 180 1267 217 MAGNIFICA
1295 178 1479 214 DOMUS
1510 176 1903 213 CARRARIENSIS

496 316 599 340 Actum
620 317 649 339 in
670 316 732 339 loco
751 314 959 346 Montegrotto,
981 315 1011 337 in
1030 313 1114 336 domo
1133 311 1329 335 habitacionis
1350 310 1474 333 eiusdem
1495 309 1637 339 Rainerii,
1659 308 1791 332 feliciter.

495 360 512 389 †
530 359 648 392 Signum
669 366 767 383 manus
793 357 980 391 suprascripti
1000 356 1139 385 Rainerii,
1159 356 1206 386 qui
1227 355 1299 378 hanc
1325 353 1465 377 cartulam
1492 352 1672 376 venditionis
1698 351 1759 376 fieri
1784 352 1899 384 rogavit
1923 353 1951 375 et
1978 352 2101 382 precium
2128 352 2246 383 accepit,

411 406 442 428 ut
461 411 555 436 supra.

495 448 512 479 †
532 448 548 479 †
569 448 586 479 †
605 449 692 480 Signa
713 454 847 471 manuum
866 446 1007 478 Ingilesii‚
1030 444 1162 468 Iordanis
1182 446 1209 467 et
1229 442 1387 474 Aldigherii
1408 442 1531 470 testium,
1550 441 1804 472 Longobardorum
1825 441 1885 472 lege
1906 441 2079 471 vivencium⁷
2098 439 2223 464 testium.

468 489 471 492 ¹
497 494 526 518 S.
547 494 583 517 N.
602 493 662 525 Ego
682 492 826 520 Albertus,
846 491 986 518 notarius,
1006 490 1090 513 huius
1110 489 1217 512 cartule
1239 487 1419 511 vendicionis
1438 487 1562 518 scriptor
1582 488 1645 518 post
1666 486 1802 509 traditam
1823 485 1974 517 complevi.

496 591 556 622 Ego
576 590 723 619 Nicolaus,
744 590 827 613 iudex
848 587 1061 619 insrascriptus,
1082 593 1124 609 me
1144 585 1308 616 subscripsi.

496 635 555 666 Ego
575 634 735 659 Rainerius.
757 634 894 659 notarius,
914 633 997 656 testis
1018 633 1046 655 et
1066 631 1161 654 socius
1182 629 1390 661 infrascriptuS‚
1417 636 1458 651 me
1478 629 1631 659 subscripsi
1653 630 1680 652 et
1700 627 1850 652 ascultavi.

496 679 557 711 Ego
576 679 743 706 Bernardus,
754 678 825 702 olim
840 677 951 701 domini
965 676 1043 700 Petri
1057 675 1164 699 iudicis
1178 675 1210 698 de
1225 674 1346 699 Casellis
1359 673 1443 701 filius,
1457 673 1529 696 clvis
1543 673 1698 704 paduanus,
1713 674 1840 697 notarius
1855 672 2064 704 ustrascriptus,
2077 672 2204 695 existens
2218 672 2246 694 in

409 724 502 748 officio
522 724 707 755 ultrascripto
726 730 821 746 coram
841 721 953 754 prefato
968 721 1071 749 Iudice,
1086 719 1263 752 presentibus
1287 718 1496 750 prenominatis
1516 717 1637 741 testibus
1658 717 1782 741 notariis
1801 718 1828 741 et
1847 717 1936 741 sociis
1956 716 1989 739 ad
2011 716 2117 739 dictum
2139 715 2246 739 discum

411 768 498 792 Bovis
518 770 545 792 et
565 768 639 799 aliis,
661 768 731 791 dicti
753 767 858 791 iudicis
879 767 958 790 iussu
976 767 1003 789 et
1022 765 1201 792 austeritate,
1221 765 1391 787 statutorum
1410 763 1541 786 comunis
1559 761 1653 785 Padue
1673 762 1856 786 solemnitate
1875 763 1902 785 et
1913 761 2005 785 forma
2019 762 2141 790 servata,
2155 767 2248 792 supra·
2282 766 2312 783 10

410 814 547 844 scriptum
572 814 790 836 instrumentum
809 818 844 835 ex
863 810 1024 834 auttentico
1043 809 1231 841 suprascripti
1250 807 1361 831 Alberti
1383 807 1492 831 notarii
1511 806 1634 830 fideliter
1647 806 1806 839 exemplavi
1821 807 1960 838 signoque
1974 813 2034 829 meo
2053 805 2144 828 solito
2163 804 2246 829 robo-

410 857 481 887 ravi,
501 857 543 881 nil
562 857 593 881 in
613 865 646 881 eo
660 857 765 881 addens
786 856 830 879 vel
852 856 993 884 minuens,
1011 854 1088 885 quod
1109 854 1283 878 sentenciam
1299 853 1397 879 mutet.
1411 852 1540 875 currente
1553 857 1631 874 anno
1645 851 1765 874 Domini
1781 849 1936 874 millesimo
1951 851 2151 874 trecentesimo
2164 849 2247 881 quin-

410 903 584 934 quagesimo,
604 902 751 926 indicione
770 901 866 928 tercia,
887 900 933 924 die
952 900 1042 923 sabati
1064 899 1203 930 vigesimo
1224 897 1329 921 mensis
1350 896 1522 924 novembris,
1543 896 1680 928 regimine
1699 895 1856 919 antedicto.

671 989 749 1020 VII,
774 1007 815 1011 —
840 987 1006 1020 Manilio.

493 1064 542 1094 12.
567 1062 623 1103 [4].
649 1082 689 1087 —
713 1061 811 1093 Fiolo
836 1060 891 1092 del
915 1059 1149 1100 sovrascripto
1174 1057 1298 1089 Millon

402 1117 446 1148 da
470 1116 627 1148 Carrara.
673 1115 725 1146 De
749 1119 871 1156 questo
894 1112 1051 1145 Marsilio
1075 1112 1107 1143 io
1131 1117 1231 1143 trovo
1254 1120 1298 1142 ne

401 1170 516 1201 l’anno
532 1168 589 1200 del
605 1167 733 1210 Signor
749 1167 842 1198 mille
856 1172 958 1198 cento
975 1176 1064 1197 nove
1081 1166 1189 1197 haver
1210 1165 1297 1195 fatto

401 1223 556 1254 donason
570 1222 615 1254 de
627 1222 750 1263 algune
762 1231 824 1252 suo
837 1219 1029 1261 possession
1043 1219 1076 1250 al
1089 1218 1297 1250 monastiero

402 1276 445 1307 de
472 1275 542 1307 San
567 1274 727 1306 Steffano
752 1274 797 1305 da
821 1273 981 1310 Carrara,
1006 1282 1105 1304 como
1129 1271 1165 1302 in
1191 1272 1223 1303 lo
1247 1272 1298 1302 in-

401 1333 573 1361 trumento
596 1337 663 1369 qua
686 1327 783 1369 giuso
807 1336 843 1358 se
868 1326 944 1369 lege
958 1324 978 1356 ¹.

495 1851 543 1881 13.
562 1869 600 1873 —
618 1850 852 1881 Instrumento
876 1849 956 1880 dela
972 1849 1127 1881 donason
1144 1849 1187 1880 de
1204 1856 1298 1881 certe

402 1903 595 1944 possession
620 1903 671 1935 sul
694 1903 807 1934 confin
833 1903 876 1934 de
892 1901 1079 1934 Pernumia
1095 1909 1131 1935 et
1155 1903 1197 1934 de
1215 1903 1299 1934 Bre-

404 1956 540 1998 depaia,
563 1956 658 1988 facta
677 1966 740 1997 per
773 1956 897 1988 Millon
927 1956 972 1988 da
1002 1955 1151 1988 Carrara
1175 1962 1209 1988 et
1240 1956 1300 1988 Ri-

404 2009 539 2047 chelda‚
562 2019 622 2041 soa
645 2019 749 2046 mare,
774 2009 806 2040 al
827 2010 1034 2041 monastiero
1052 2010 1095 2041 de
1120 2009 1189 2041 San
1208 2009 1301 2041 Stef-

403 2063 486 2094 fano
510 2063 555 2094 da
577 2062 725 2095 Carrara
736 2061 758 2094 ⁹¹.

505 2206 513 2222 ¹
533 2208 544 2231 1
565 2208 657 2232 nostri
676 2208 866 2240 genealogisti
885 2216 939 2232 non
955 2216 1072 2241 seppero
1093 2209 1266 2239 raccogliere
1280 2209 1306 2232 le

416 2258 510 2282 sparse
531 2251 641 2274 notizie
655 2251 773 2274 intorno
786 2250 926 2281 Marsilio,
942 2251 991 2274 che
1006 2252 1050 2275 nel
1071 2258 1124 2275 sec.
1137 2250 1189 2275 XII
1205 2251 1233 2275 su
1248 2259 1305 2275 uno

415 2292 461 2316 dei
481 2293 596 2316 membri
618 2290 667 2324 piu
688 2294 749 2316 noti
777 2292 852 2316 della
880 2293 1011 2325 famiglia
1035 2293 1194 2322 Carrareoe,
1217 2301 1304 2324 quan-

414 2333 511 2365 d'essa,
524 2332 571 2366 gia
586 2336 660 2358 ricca
674 2336 702 2358 di
715 2335 792 2364 beni,
805 2334 892 2367 segno
907 2336 1016 2359 l'inizio
1031 2335 1107 2359 della
1119 2343 1168 2359 sua
1183 2338 1303 2368 potenza

413 2376 543 2407 politica,
556 2383 570 2399 e
584 2376 852 2400 s‘abbandonarono
864 2384 878 2400 a
894 2377 984 2408 vaghc
995 2377 1186 2401 affermazioni
1198 2377 1226 2401 di
1239 2384 1304 2409 ope-

413 2425 440 2441 re
460 2419 607 2449 eminenti,
628 2426 685 2442 non
706 2419 876 2443 ricordando
895 2419 971 2443 altro
990 2418 1065 2443 fatto
1085 2419 1190 2443 storico
1209 2419 1304 2444 sieuro

412 2461 462 2484 che
482 2460 680 2484 l’incremento
700 2461 767 2484 dato
787 2461 814 2485 al
835 2464 998 2486 monastero
1018 2462 1046 2486 di
1073 2462 1100 2486 S.
1125 2461 1243 2486 Stefano
1270 2461 1304 2485 da

413 2502 545 2526 Carrara.
581 2501 676 2526 Giova
696 2504 806 2527 credere
820 2504 870 2527 che
885 2504 908 2528 A
920 2511 977 2528 non
993 2511 1157 2528 conoscesse
1170 2505 1274 2536 troppo
1296 2505 1302 2527 i

413 2545 585 2576 documenti,
598 2546 711 2576 quando
722 2546 850 2570 affermoe
866 2545 878 2558 “
889 2548 1064 2570 monasterio
1078 2547 1177 2571 Sancti
1187 2546 1302 2570 Steffani

415 2586 426 2598 ‘⁴
440 2587 555 2618 papalia
576 2587 728 2620 privilegia
747 2590 775 2611 et
794 2588 1012 2612 iurisdictiones
1030 2589 1201 2620 adinvenit„
1223 2596 1304 2620 gene-

414 2629 577 2653 ralizzando
591 2629 619 2652 la
633 2628 682 2660 piu
694 2631 864 2661 circospctta
880 2631 986 2654 notizia
1001 2631 1028 2654 di
1046 2632 1080 2660 B,
1093 2631 1244 2663 suffragata
1259 2631 1304 2654 dal

414 2671 586 2695 documento
606 2671 650 2695 del
674 2678 749 2703 1109.
786 2671 808 2695 11
829 2673 970 2696 redattore
989 2674 1017 2697 di
1043 2674 1077 2703 B,
1096 2671 1146 2705 piu
1164 2674 1305 2705 giudizio-

414 2715 539 2737 samente
557 2715 678 2737 enuncia
700 2721 783 2738 senza
804 2717 966 2738 commento
988 2715 1007 2738 il
1029 2716 1144 2739 ricordo
1165 2715 1305 2747 positiva-

416 2758 508 2780 mente
527 2756 648 2780 desunto
668 2757 713 2780 dal
735 2757 906 2780 documento
933 2758 960 2780 di
982 2758 1145 2782 donazione
1166 2759 1196 2781 in
1223 2765 1306 2781 nome

415 2799 532 2831 proprio
553 2806 566 2822 e
586 2798 662 2822 della
683 2799 777 2822 madre
791 2799 927 2823 Richelda
941 2799 966 2823 al
984 2802 1147 2824 monastero
1161 2801 1189 2824 di
1204 2799 1231 2824 S.
1244 2799 1304 2824 Ste-

415 2840 491 2864 fano.
528 2839 666 2864 Tuttavia
687 2841 715 2864 in
736 2840 802 2864 base
822 2841 988 2865 all‘erronea
1008 2842 1171 2866 tradizione
1191 2842 1234 2866 dei
1256 2849 1304 2865 no—

415 2882 468 2906 stri
487 2883 607 2905 eronisti
624 2883 647 2906 si
667 2881 732 2906 fisso
747 2882 796 2913 piu
810 2883 998 2907 sicuramente
1012 2884 1039 2908 la
1053 2884 1222 2916 genealogia
1237 2884 1305 2907 Car-

414 2931 515 2953 rarese,
535 2923 584 2949 che
604 2926 695 2956 prima
715 2923 748 2948 nc
768 2925 790 2948 il
810 2925 991 2956 Favasoschi,
1006 2925 1039 2950 ne
1050 2927 1071 2950 il
1092 2927 1135 2950 Da
1155 2927 1248 2954 Nono.
1263 2934 1304 2950 ar-

415 2967 551 2991 rivarono
572 2975 586 2991 a
600 2967 657 2991 tale
677 2975 771 3000 epona,
794 2969 899 2992 mentre
915 2968 934 2991 il
951 2968 1094 3000 Vergerio,
1109 2968 1304 2993 coordinando

1623 982 1701 1015 VII.
1727 1001 1768 1005 —
1793 982 1981 1015 Illarsilius.

1445 1059 1494 1089 12.
1508 1056 1562 1097 [4].
1578 1074 1618 1078 -—
1633 1055 1664 1086 A
1676 1055 1894 1097 magnatibus
1906 1054 1950 1086 de
1967 1061 2079 1086 castro
2089 1053 2250 1087 Carrarie

1352 1109 1571 1142 descendens
1588 1108 1841 1150 suprascriptus
1856 1108 1944 1139 filius
1961 1107 2145 1139 successit:
2163 1112 2250 1138 tem-

1351 1173 1415 1205 pus
1447 1168 1561 1194 autem
1593 1167 1690 1194 recte
1716 1161 1946 1194 successionis
1974 1160 2121 1192 Marsilii
2143 1160 2251 1201 ipsius

1351 1215 1440 1257 patri
1458 1215 1604 1247 Millono
1619 1215 1722 1246 nullis
1738 1215 1772 1245 in
1786 1215 2004 1246 documentis
2019 1224 2085 1257 ego
2101 1212 2249 1255 reperio,

1351 1269 1412 1300 sed
1427 1267 1512 1299 mihi
1529 1273 1676 1304 constat,
1691 1274 1726 1299 et
1742 1268 1792 1299 sic
1810 1268 1854 1299 de
1869 1267 1944 1309 ipso
1969 1266 2144 1304 adinveni,
2159 1275 2250 1298 anno

1351 1321 1490 1353 Domini
1511 1321 1694 1352 millesimo
1714 1321 1903 1353 centesimo
1920 1311 2012 1352 nono
2036 1321 2111 1351 iura
2134 1329 2253 1351 mona-

1349 1374 1445 1406 sterii
1468 1373 1590 1405 Sancti
1618 1374 1785 1415 Stephani
1810 1374 1854 1405 de
1875 1373 2037 1406 Carraria
2060 1373 2249 1414 possessio-

1351 1438 1432 1459 num
1445 1427 1678 1459 oblationibus
1694 1426 1845 1464 auxisse,
1857 1433 1895 1459 ut
1910 1427 2002 1458 infra
2018 1427 2061 1458 de
2075 1425 2250 1458 oblatione

1351 1481 1426 1522 ipsa
1450 1481 1659 1519 documenta
1683 1480 1883 1522 loquuntur.
1908 1480 1976 1511 Hic
2000 1480 2052 1510 vir
2068 1479 2136 1511 fuit
2150 1478 2248 1519 quasi

1352 1534 1441 1575 patri
1466 1534 1501 1564 in
1518 1534 1679 1565 omnibus
1695 1532 1823 1571 similis,
1846 1533 1908 1565 sed
1928 1532 2114 1574 prudentia
2128 1533 2249 1570 maior,

1353 1586 1509 1629 largiflua
1540 1595 1643 1628 opum
1665 1596 1801 1617 suarum
1832 1586 2040 1618 liberalitate
2070 1595 2250 1617 numerum

1352 1639 1446 1672 auxit
1460 1639 1663 1677 amicorum,
1681 1639 1822 1671 fervens
1837 1639 1949 1681 patrie
1967 1645 2001 1671 et
2012 1638 2094 1681 juris
2106 1643 2250 1677 amator,

1354 1692 1436 1724 nulli
1459 1699 1656 1736 magnatum
1681 1693 1783 1725 totius
1808 1692 1965 1724 Marchie
1997 1691 2250 1734 possessionum

1352 1746 1572 1778 multitudine
1596 1747 1781 1778 secundus.

1446 1854 1493 1884 13.
1518 1870 1559 1874 —
1584 1853 1852 1884 lustramentum
1876 1851 2075 1884 donationis
2099 1856 2133 1883 et
2157 1850 2253 1883 obla-

1352 1905 1458 1937 tionis
1474 1916 1537 1947 per
1561 1904 1752 1937 Marsilium
1770 1916 1802 1948 q.
1820 1905 1975 1937 Minonis
1991 1911 2026 1937 et
2042 1904 2251 1937 Richeldam

1354 1959 1398 1990 de
1411 1958 1573 1990 Carraria
1590 1965 1760 1991 certarum
1773 1959 2026 2000 possessionum
2043 1956 2252 1989 monasterio

1355 2012 1475 2044 Sancti
1499 2011 1668 2054 Stephani
1693 2012 1737 2043 de
1767 2011 1942 2044 Carraria.

1360 2210 1386 2233 le
1407 2209 1514 2233 notizie
1529 2210 1602 2233 delle
1618 2211 1713 2234 nostre
1727 2210 1873 2238 cronache,
1888 2207 1963 2241 parti
1977 2210 2012 2234 da
2027 2209 2157 2233 Μαι-31110
2172 2217 2251 2234 come

1360 2252 1394 2275 da
1414 2253 1593 2284 capostipitc,
1613 2253 1814 2275 storicamente
1834 2253 1984 2280 accettam,
1999 2251 2073 2275 della
2093 2253 2252 2275 successiva

1360 2294 1565 2317 discendenza:
1587 2293 1661 2317 “Hic
1681 2296 1758 2325 est„
1784 2294 1840 2325 egli
1867 2294 1967 2321 scrive,
1988 2293 1999 2304 ⁴⁴
2013 2295 2173 2317 communis
2199 2294 2251 2317 sti-

1360 2336 1439 2367 “peS‚
1461 2344 1476 2360 a
1495 2344 1551 2367 quo
1579 2336 1806 2360 Carrariensium
1832 2337 1994 2368 principum
2015 2337 2097 2367 origo
2117 2338 2251 2367 perpetua

1359 2379 1371 2391 “
1384 2380 1561 2402 successione
1575 2379 1704 2402 derivata
1720 2380 1770 2402 est.
1807 2379 1878 2402 Nam
1893 2380 1944 2402 etsi
1959 2378 2082 2402 aliorum
2097 2378 2250 2402 multorum

1360 2420 1373 2432 ³
1387 2422 1453 2444 ante
1472 2421 1500 2444 id
1522 2424 1631 2453 tempus
1659 2421 1776 2444 nomina
1803 2421 1989 2452 reperiantur.
2013 2428 2049 2444 cx
2074 2420 2136 2444 illis
2156 2422 2250 2444 tamen

1359 2464 1370 2475 ·‘
1387 2464 1545 2494 interrupta
1559 2463 1683 2495 originis
1697 2463 1782 2487 series
1803 2465 1917 2487 constat
1929 2481 1942 2494 ,‚
1965 2462 2116 2494 (maneam,
2136 2466 2177 2493 op.
2195 2463 2248 2494 cit„

1358 2505 1402 2528 ed.
1422 2505 1478 2533 cit..
1499 2513 1526 2536 p.
1545 2504 1582 2535 6).
1619 2505 1666 2529 Ma
1691 2512 1749 2529 non
1775 2506 1898 2529 tenendo
1919 2507 2006 2529 conto
2033 2505 2106 2529 delle
2125 2506 2248 2537 presenti

1359 2548 1465 2570 notizie
1484 2548 1687 2579 genealogiche
1708 2548 1836 2571 afferma:
1859 2547 1943 2571 “eius
1963 2549 2050 2579 pater,
2064 2554 2120 2578 quo
2136 2548 2251 2571 nomine

1362 2593 1373 2601 ⁴*
1384 2589 1585 2621 appellaretur,
1605 2590 1744 2614 incertum
1765 2591 1807 2613 est
1820 2606 1841 2619 η.
1866 2590 1930 2622 Egli
1946 2590 2046 2614 infatti
2068 2591 2090 2613 si
2113 2589 2251 2614 richiama

1360 2632 1386 2656 al
1406 2631 1531 2663 diploma
1553 2633 1729 2657 federiciano
1749 2633 1792 2657 del
1817 2632 1892 2659 1160,
1913 2640 1966 2657 ove
1988 2640 2043 2656 non
2064 2631 2078 2656 ὲ
2093 2634 2209 2664 segnata
2223 2632 2250 2657 la

1358 2671 1502 2706 paternit&
1521 2675 1548 2698 (li
1570 2674 1710 2705 Mamilio,
1732 2676 1840 2698 mentre
1862 2675 1906 2698 nel
1927 2676 2002 2698 testo
2017 2674 2091 2698 delle
2110 2674 2251 2698 cronache

1357 2715 1371 2740 ὲ
1390 2716 1618 2747 esplicitamente
1632 2719 1773 2740 accertata
1795 2717 1821 2740 la
1837 2714 1979 2748 patei-nita
1999 2716 2117 2739 desunta
2137 2716 2172 2739 da
2185 2717 2248 2746 quei

1358 2759 1522 2782 documenti
1550 2759 1667 2790 privati,
1692 2759 1742 2782 che
1762 2758 1925 2782 l'umanista
1946 2765 2081 2789 presunse
2099 2765 2250 2782 conoscere

1358 2801 1388 2823 in
1409 2801 1491 2832 copie
1510 2801 1675 2824 autentiche
1696 2801 1827 2824 csistenti
1847 2801 1874 2824 al
1895 2807 1946 2824 suo
1967 2802 2072 2832 tempo,
2093 2807 2173 2824 senza
2193 2801 2250 2824 riu—

1359 2843 1430 2866 scire
1444 2850 1458 2866 a
1471 2845 1566 2866 trarne
1586 2843 1714 2874 profitto.

1447 2883 1457 2900 ἵ
1467 2885 1507 2909 Fu
1523 2885 1688 2916 pubblicato
1701 2892 1748 2916 per
1761 2886 1881 2908 estratto
1895 2885 1942 2908 dnl
1954 2883 2080 2912 Gnorue..
2097 2885 2160 2909 Cod.
2175 2885 2251 2915 dipl„

1359 2926 1392 2954 11,
1412 2932 1432 2956 1,
1452 2934 1495 2959 33,
1516 2935 1541 2950 n.
1563 2934 1604 2957 μ.
1643 2927 1689 2952 Cf.
1709 2927 1837 2954 CssoLuo.
1857 2927 1965 2956 Albe—ro,
1981 2934 2007 2958 p.
2022 2925 2037 2949 8
2051 2933 2126 2958 sgg.;
2143 2926 2170 2950 S.
2191 2927 2251 2951 Ste-

1360 2969 1431 2998 fana,
1451 2975 1478 3000 p.
1502 2976 1531 2999 14
1551 2976 1608 3000 sg.;
1629 2968 1793 2996 Bnurmcm,
1816 2969 1889 2993 Hist.
1909 2970 1972 2993 eccl.
1991 2968 2022 2999 (1,
2043 2968 2128 2999 XIX),
2147 2968 2168 2996 1,
2188 2974 2247 3000 704.

2281 492 2294 516 5

2283 1055 2318 1086 15

2278 1323 2319 1353 20

2279 1588 2319 1619 25

2279 1909 2321 1941 30

2280 2218 2314 2236 20

2280 2430 2311 2456 ²5

2277 2639 2313 2664 30

2279 2850 2311 2875 35
