2346 3597
10 535 27 566 υἱ

0 913 32 940 10

0 1632 33 1658 25

0 2149 31 2182 35

0 2443 33 2473 10

145 312 198 342 24.
232 328 275 333 —-
304 311 390 342 Item
422 309 518 340 aliud
550 308 827 345 instrumentum,
858 317 957 339 como

55 365 205 396 madona
228 363 340 395 Maria
364 362 409 393 da
425 361 533 399 Baon,
550 360 661 392 moier
677 369 719 391 en
737 370 804 401 qua
821 359 897 391 drio
914 358 958 390 de

56 417 181 450 n'iesier
205 417 359 449 Iacomin
383 416 428 447 da
444 414 603 452 Carrara,
628 423 690 455 per
713 413 762 444 soi
784 412 857 444 fioli
880 412 959 444 Pie-

56 477 211 508 roconte,
234 470 383 513 Ugucon
409 474 443 499 et
466 466 633 504 Iacomin‚
657 472 692 498 et
716 466 840 497 mesier
864 466 958 497 Mar-

57 525 131 556 silio
156 530 191 556 et
217 523 380 555 Albertin
411 520 536 552 investi
567 520 613 551 ad
637 519 820 561 perpetual
846 518 961 550 livello

57 577 240 622 Cordanin
257 577 300 608 de
317 574 441 607 Vivian
458 574 502 606 de
518 573 769 613 l‘infrascripte
786 578 836 603 tre
853 582 962 615 pecce

1099 307 1152 336 24.
1193 322 1233 327 -—
1272 305 1551 343 instrumentum,
1588 306 1734 348 qualiter
1773 306 1914 338 domina

1010 358 1135 396 Maria,
1151 367 1238 390 uxor
1255 358 1432 400 quondam
1449 358 1581 390 domini
1598 358 1751 391 Iacobini
1770 359 1814 391 de
1831 359 1918 391 Car:

1011 411 1113 448 raria,
1136 422 1201 453 pro
1225 411 1293 442 suis
1318 411 1395 442 filiis
1418 410 1535 447 Petro,
1558 411 1735 453 Ugutione
1759 418 1793 443 et
1816 412 1915 444 Iaco-

1011 465 1094 507 pino
1111 471 1145 496 et
1162 465 1321 496 dominus
1344 464 1522 496 MarsiIius
1540 469 1573 497 et
1597 464 1800 497 Albertinus
1822 466 1916 497 inve-

1011 519 1180 550 stiverunt
1203 518 1440 549 Zordaninum
1473 518 1516 549 de
1550 517 1698 549 Viviano
1731 520 1775 550 de
1806 519 1914 550 infra-

1011 571 1151 612 scriptis
1174 571 1284 602 tribus
1308 571 1411 612 petiis
1434 577 1536 602 terre.

58 631 103 662 de
127 636 220 662 terra
234 629 253 660 ¹.

154 737 186 761 In
207 736 317 761 Christi
339 735 465 760 nomine.
502 735 590 758 Anno
610 733 736 757 eiusdem
757 734 924 757 nativitatis
944 732 1100 755 millesimo
1123 731 1280 755 centesimo
1308 731 1497 763 nonagesimo
1523 731 1656 760 secundo,
1682 731 1771 755 indic.
1797 732 1915 760 decima,

64 783 112 806 die
132 782 272 814 vigesimo
292 782 415 804 exeunte
437 779 594 803 februario.
625 779 751 802 Domina
766 777 868 806 Maria,
883 784 955 801 uxor
974 777 1117 807 quondam
1138 776 1250 800 domini
1271 776 1404 799 Iacobini
1423 776 1457 799 de
1477 775 1623 804 Carraria,
1643 784 1695 808 pro
1709 776 1769 799 suis
1783 776 1850 800 filiis
1871 776 1918 800 Pe-

63 828 118 856 tro,
139 826 290 858 Ugucione
309 827 337 849 et
358 824 502 852 Iacobino,
522 831 553 847 ac
572 823 722 846 Marsilius
742 824 770 846 et
790 821 961 845 Albertinus
980 828 1031 853 pro
1051 828 1109 844 sese
1129 821 1346 844 investiverunt
1370 820 1560 844 Iordaninum
1586 821 1619 844 de
1645 821 1773 844 Viviano
1797 821 1831 844 ad
1856 828 1915 852 per-

59 871 203 904 petualem
222 870 351 894 libellum
371 870 404 893 de
423 869 516 893 tribus
537 868 625 899 peciis
646 868 680 890 de
699 868 774 890 terra
797 868 826 890 in
847 865 973 890 confinio
994 865 1136 893 Carrarie,
1162 865 1196 888 ab
1223 872 1282 889 uno
1303 865 1391 889 latere
1412 865 1502 895 prime
1522 866 1601 895 pecie
1624 865 1722 896 Aycha
1748 865 1781 888 de
1808 865 1915 894 Millio,

64 917 97 940 ab
118 916 177 940 alio
198 916 313 944 Damus,
335 914 370 938 ab
389 921 447 937 uno
468 914 563 944 capite
583 913 643 943 νίας
664 912 697 936 al)
718 919 776 935 uno
798 911 885 935 latere
905 911 1026 934 secunde
1046 910 1124 942 pecie
1146 909 1220 933 idem
1239 909 1420 938 IordanInus,
1441 910 1474 933 ab
1495 910 1555 933 alio
1582 910 1705 934 Sanctus
1725 909 1882 939 Stesfanus,
1902 917 1917 933 n.

62 961 157 992 capite
177 959 335 987 NVidueius,
355 958 389 982 ab
414 958 475 982 alio
502 959 557 986 via,
577 964 609 980 ea
632 957 746 980 ratione
772 957 802 979 ut
826 955 980 987 jamdictus
1005 953 1179 978 Iordaninus
1208 956 1235 978 et
1262 955 1304 978 sui
1331 954 1447 978 heredes
1472 954 1638 986 jamdictam
1666 956 1769 978 terram
1795 954 1916 978 debeant

62 1004 165 1028 habere
185 1005 213 1027 et
231 1005 335 1033 tenere,
356 1004 384 1027 et
404 1002 485 1027 omni
505 1008 582 1025 anno
602 1001 717 1024 reddere
737 1000 819 1023 debet
839 999 899 1023 suis
918 999 1046 1023 dominis
1067 1000 1188 1022 tercium
1208 1000 1303 1030 preter
1323 998 1454 1029 salgaros
1474 1000 1502 1022 et
1529 998 1680 1028 (ructares,
1705 1000 1732 1022 et
1759 998 1788 1022 in
1817 1000 1917 1022 sancto

61 1048 194 1073 Steffano
214 1048 336 1080 spallam
355 1048 383 1071 et
405 1047 555 1078 fugaciam,
576 1047 603 1069 et
622 1045 719 1068 omnia
741 1044 870 1075 predicta
890 1044 1004 1074 portare
1027 1044 1056 1066 in
1083 1044 1178 1067 castro
1203 1041 1344 1068 Carrarie.
1381 1042 1418 1066 Et
1444 1043 1637 1074 promiserunt
1663 1044 1687 1066 ei
1716 1044 1864 1066 varentare
1891 1044 1917 1065 et

65 1093 216 1117 defendere
234 1092 399 1125 jamdictam
420 1092 522 1114 terram
544 1091 577 1113 ab
597 1090 678 1113 omni
698 1088 814 1112 homine
841 1095 904 1111 eum
930 1089 1047 1112 racione
1073 1089 1100 1111 et
1126 1088 1176 1111 sub
1203 1094 1275 1119 pena
1302 1087 1392 1118 dupli.
1430 1087 1466 1111 Et
1493 1088 1609 1118 insuper
1635 1087 1773 1111 iamdicta
1800 1087 1916 1111 domina

65 1138 197 1162 vadiavit
217 1138 272 1161 iam
292 1136 423 1168 predicto
442 1135 598 1158 Iordanino
619 1135 754 1165 tempore,
774 1132 890 1163 quando
910 1133 954 1156 sui
974 1133 1028 1156 filii
1047 1134 1130 1156 erunt
1150 1133 1365 1164 quatuordecim
1386 1140 1533 1163 annorum,
1558 1132 1633 1164 quod
1656 1133 1740 1156 saciet
1755 1132 1823 1156 illos
1838 1133 1918 1156 inve-

63 1183 134 1206 stire
153 1181 350 1214 Qordaninum
370 1181 536 1204 iamdictum
556 1178 606 1202 sub
626 1184 698 1208 pena
718 1177 812 1200 decem
832 1177 981 1202 librarum.
1017 1177 1159 1201 Iohannes
1173 1177 1277 1200 Balbus
1294 1177 1349 1201 suit
1363 1177 1512 1200 fideiussor
1531 1179 1559 1201 et
1578 1175 1752 1200 Girardinus
1772 1177 1805 1200 de
1825 1176 1918 1210 §oreo

63 1227 200 1251 similiter
218 1225 367 1250 fideiussit.
403 1224 508 1248 Penam
528 1229 594 1246 vero
614 1222 690 1246 inter
710 1229 738 1246 se
758 1223 924 1253 posuerunt,
944 1223 983 1250 ut,
1003 1223 1027 1245 si
1048 1223 1111 1253 quis
1132 1222 1250 1246 illorum
1273 1222 1316 1245 vel
1337 1229 1453 1245 suorum
1473 1222 1606 1245 heredum
1620 1223 1724 1251 totum,
1743 1223 1774 1245 ut
1787 1222 1916 1253 superius

67 1272 182 1303 legItur,
200 1277 258 1294 non
279 1269 488 1301 conpleverint,
508 1268 654 1299 conponat
674 1274 738 1298 pars
758 1267 833 1303 parti
854 1266 937 1290 fidem
956 1266 1085 1290 servanti
1105 1266 1203 1290 soldos
1223 1266 1332 1298 viginti
1355 1273 1457 1290 novem
1479 1267 1596 1290 nomine
1616 1273 1701 1298 pene;
1724 1273 1796 1298 pena
1822 1266 1916 1290 soluta

66 1315 181 1339 libellus
200 1315 230 1338 in
251 1321 302 1337 suo
322 1314 433 1336 maneat
453 1313 537 1335 statu.
575 1311 678 1335 Actum
700 1311 757 1334 fuit
776 1310 829 1334 hoc
849 1311 880 1335 in
902 1310 1046 1334 Carraria.
1084 1311 1182 1335 Testes
1197 1312 1278 1335 erant
1292 1311 1402 1341 Facius,
1423 1311 1592 1342 Agearinus,
1606 1310 1721 1334 Andrea
1736 1310 1770 1334 de
1782 1311 1914 1341 Henrico,

67 1358 301 1390 HengenolphuS.

153 1402 181 1427 S.
201 1402 238 1426 AV.
258 1401 319 1433 Ego
339 1400 565 1428 Bartholameus,
586 1400 696 1424 domini
718 1399 847 1423 Federici
870 1399 1053 1432 imperatoris
1073 1401 1213 1430 notarius,
1234 1399 1354 1424 interfui
1376 1401 1403 1423 et
1421 1400 1501 1432 jussu
1519 1400 1647 1432 parcium
1668 1400 1780 1432 scriPsi.

152 1472 320 1505 Exemplum
340 1480 374 1495 ex
394 1472 565 1496 authentico
585 1472 765 1499 renovatum,
786 1471 944 1495 millesimo
964 1471 1160 1495 ducentesimo
1179 1470 1408 1502 quartodecimo,
1428 1471 1575 1495 indicione
1595 1472 1704 1502 quarta.

152 1517 181 1542 S.
203 1518 239 1541 Ν,
258 1517 318 1549 Ego
338 1516 520 1546 Dominicus,
541 1516 651 1540 domini
666 1515 790 1539 Oetonis
805 1516 987 1548 imperatoris
1009 1516 1146 1546 notarius,
1161 1515 1233 1539 hanc
1248 1516 1364 1546 cartam,
1385 1516 1537 1540 seeundum
1552 1515 1628 1547 quod
1643 1516 1702 1540 vidi
1718 1517 1746 1539 et
1760 1516 1827 1547 legi,
1842 1516 1917 1539 nihil

66 1562 172 1586 addens
193 1562 238 1586 vel
258 1562 398 1591 minuens,
418 1562 557 1592 quantum
577 1561 611 1584 ad
633 1561 818 1591 sentenciam,
841 1561 900 1584 nisi
922 1561 996 1584 sorte
1017 1560 1115 1584 littera
1134 1560 1179 1584 vel
1200 1560 1301 1589 silaba,
1321 1559 1482 1592 exemplavi
1501 1562 1529 1585 et
1548 1561 1660 1593 scripsi.

153 1633 213 1666 Ego
234 1632 259 1665 [*
271 1633 307 1665 *],
328 1633 414 1657 iudex
433 1633 647 1664 infr-ascriptus,
668 1640 710 1656 me
730 1632 895 1664 subscripsi.

153 1678 214 1711 Ego
234 1679 414 1708 Benedictus,
433 1679 565 1702 notarius
585 1678 678 1701 socius
698 1685 730 1701 ac
751 1679 833 1701 testis
853 1677 1067 1709 infrascriptus,
1088 1685 1129 1701 me
1150 1677 1305 1709 subscripsi
1327 1679 1354 1701 et
1377 1677 1528 1701 ascultavl.

151 1723 212 1755 Ego
231 1722 400 1753 Bernardus,
419 1723 491 1747 olim
511 1723 622 1747 domini
644 1723 721 1747 Petri
742 1722 848 1746 iudicis
867 1722 900 1745 de
920 1721 1044 1746 Casellis
1064 1722 1148 1752 filius,
1170 1723 1301 1745 notarius
1320 1722 1533 1753 ultrascriptus,
1553 1722 1681 1745 existens
1704 1723 1733 1745 in
1754 1722 1848 1745 officio
1874 1721 1918 1744 ul-

64 1768 229 1800 trascripto,
251 1776 344 1792 coram
365 1768 478 1799 prefato
497 1768 601 1800 judice,
621 1767 802 1799 presentibus
827 1767 983 1791 antedictis
1006 1768 1125 1791 testibus
1147 1767 1270 1791 notariis
1292 1768 1320 1791 et
1345 1767 1432 1790 sociis
1456 1767 1490 1790 ad
1518 1767 1626 1790 dictum
1653 1767 1763 1790 discum
1788 1768 1815 1790 et
1841 1766 1917 1794 aliis,

64 1812 135 1836 dicti
156 1810 283 1845 [iudicis]
303 1813 383 1846 jussu
401 1814 430 1836 et·
451 1813 631 1841 auctoritate,
651 1813 765 1836 servata
786 1812 879 1836 forma
899 1813 925 1835 et
946 1811 1130 1836 solemnitate
1150 1813 1324 1835 statutorum
1345 1813 1505 1835 communis
1525 1811 1629 1841 Padue⁷
1649 1811 1809 1844 predictum
1824 1818 1915 1835 exem-

66 1857 144 1888 plum
164 1865 199 1881 ex
218 1857 379 1881 auttentico
399 1857 587 1890 suprascripti
608 1857 803 1881 Bartholamei
823 1857 931 1881 notarii
953 1864 1001 1888 per
1020 1857 1248 1889 suprascriptum
1268 1857 1454 1880 Dominicum
1476 1857 1622 1880 notarium
1642 1857 1834 1889 exemplatum
1854 1855 1918 1879 fide-

64 1901 131 1925 liter
149 1902 311 1934 exemplavi
332 1903 472 1933 signoque
492 1909 554 1926 meo
569 1901 659 1926 solito
674 1902 819 1930 roboravi,
835 1902 964 1925 currente
980 1908 1058 1924 anno
1072 1901 1193 1924 DomIni
1210 1901 1365 1924 millesimo
1385 1901 1586 1925 trecentesimo
1600 1900 1817 1932 quadragesimo
1832 1907 1919 1929 nono,

65 1945 214 1970 iudicione
234 1945 364 1977 secunda,
385 1945 433 1970 die
453 1947 519 1970 lune
539 1946 649 1970 decimo
670 1947 792 1978 septimo
813 1946 919 1970 mensis
940 1945 1060 1977 augusti,
1082 1946 1223 1977 regimine
1243 1945 1400 1970 antedicto.

61 2034 140 2066 XII.
165 2052 206 2057 —
230 2034 374 2066 Domini
395 2034 549 2073 lacobus,
572 2034 779 2071 Albertmus,
804 2033 962 2072 fradellz';

150 2088 302 2129 Albrigo
336 2088 432 2126 Lz'ou,
468 2087 665 2131 Bonzfact'o,
692 2086 847 2130 fradelli
877 2098 965 2130 ger-

150 2141 253 2172 mani.

1017 2033 1098 2066 XII.
1127 2053 1158 2056 —
1187 2034 1331 2066 Domini
1345 2034 1486 2065 lacobus
1498 2039 1531 2065 el
1545 2032 1916 2076 Albertimcs‚fratres;

1107 2088 1283 2119 Albericzas
1306 2088 1374 2119 Leo
1398 2092 1431 2118 et
1457 2087 1664 2130 Bonisacius,
1677 2088 1829 2130 fratres.

1109 2221 1161 2253 25.
1186 2220 1264 2262 [12].
1290 2220 1371 2253 Filii
1405 2226 1650 2253 successerunt
1684 2220 1920 2262 suprascripto

1020 2274 1163 2306 domino
1187 2273 1345 2305 Marsilio

152 2228 203 2260 25.
222 2228 300 2269 [12].
324 2246 367 2251 ———
391 2229 516 2266 Questi
538 2230 664 2261 mesier
680 2229 819 2262 Iacomo
845 2236 879 2261 et
903 2229 964 2260 Al-

62 2282 209 2319 bertino‚
232 2282 316 2319 fioli,
339 2282 490 2314 succede
515 2293 535 2314 a
550 2283 676 2315 mesier
690 2283 859 2321 Marsilio,
884 2283 965 2315 fiolo

64 2337 129 2368 che
152 2335 190 2367 so
214 2335 259 2366 de
283 2335 407 2367 mesier
431 2336 586 2368 Iacomin
610 2337 655 2367 da
679 2335 838 2368 Carrara.

152 2387 276 2426 Questi
300 2387 447 2431 Albrigo
479 2389 568 2420 Lion
593 2395 627 2421 et
655 2389 851 2427 Bonifacio,
883 2390 965 2429 fioli,

61 2441 211 2474 succede
235 2452 255 2473 a
278 2441 404 2473 mesier
426 2441 648 2480 Pieroconte,
671 2442 750 2474 fiolo
776 2443 842 2474 che
866 2443 904 2475 fo
921 2444 965 2476 de

62 2495 187 2526 mesier
209 2494 363 2526 Iacomin
396 2495 440 2526 da
464 2494 612 2527 Carrara
644 2500 679 2526 et
704 2495 856 2528 fradello
881 2496 965 2538 de[l]

63 2547 298 2589 sovrascripto
322 2548 448 2579 mesier
471 2548 627 2580 Marsilio
653 2549 698 2580 da
725 2548 874 2581 Carrara
887 2549 908 2581 ².

1110 2381 1187 2413 Filii
1224 2386 1469 2413 successerunt
1507 2380 1743 2422 suprascripto
1779 2380 1921 2412 domino

1020 2435 1123 2467 Petro
1151 2434 1291 2466 Comiti.

152 2658 160 2675 ¹
181 2659 227 2684 Cf,
247 2660 376 2690 CEOLDO,
396 2661 495 2685 Albero
516 2661 573 2689 cit„
593 2668 619 2692 p.
641 2666 682 2692 25.
1017 2670 1043 2695 p.

151 2700 163 2717 ²
180 2702 269 2726 Morti
291 2710 306 2726 a
325 2703 410 2726 breve
433 2703 564 2726 distanza
580 2703 590 2726 i
605 2703 657 2726 due
674 2703 782 2726 fratelli
797 2703 876 2727 eredi
889 2703 964 2727 delle

62 2744 266 2776 giurisdizioni
287 2745 316 2769 di
337 2745 458 2769 Carrara
478 2753 492 2769 e
511 2745 674 2775 Pernumia,
700 2745 834 2770 Marsilio
860 2754 874 2770 e
900 2746 962 2770 Pie-

63 2795 97 2811 ro
110 2786 214 2818 Conte,
235 2788 429 2812 succedettero
448 2788 477 2812 al
497 2790 590 2820 primo
612 2790 619 2812 i
635 2788 694 2821 figli
716 2789 822 2821 Iacopo
836 2797 849 2813 e
863 2789 963 2813 Alber-

65 2829 136 2859 tino,
156 2836 170 2853 e
189 2830 215 2853 al
235 2831 360 2855 secondo
380 2831 517 2855 Alberico
531 2830 627 2855 Leone
640 2839 654 2854 e
668 2832 831 2862 Bonifflcio,
848 2839 900 2863 pro
920 2832 963 2855 in-

65 2870 171 2899 diviso,
189 2873 267 2896 sotto
293 2872 321 2897 la
340 2873 432 2897 tutela
455 2873 579 2897 dell’ava
606 2873 698 2897 Maria
723 2873 759 2898 da
785 2875 888 2903 Baone,
915 2881 964 2905 per

65 2911 249 2937 l’estinzione
267 2913 313 2938 del
333 2915 479 2946 rispettivi
500 2916 638 2946 genitori,
660 2915 717 2938 fino
738 2916 795 2939 alla
818 2917 964 2948 maggiore

65 2953 119 2983 eth,
140 2962 156 2978 ο
169 2955 286 2980 almeno
300 2955 330 2980 di
347 2956 449 2981 alcuno
464 2957 493 2981 di
508 2959 572 2982 essi.
599 2957 621 2981 Il
639 2957 752 2982 Ceoldo
771 2959 884 2990 (Albero
905 2958 964 2988 cit„

1076 2661 1117 2693 18)
1144 2662 1279 2685 asserisce
1305 2660 1354 2684 che
1381 2660 1408 2684 la
1434 2661 1525 2684 tutela
1552 2660 1628 2685 fosse
1653 2662 1766 2693 passata
1793 2660 1917 2685 dall'ava

1018 2705 1110 2728 Maria
1129 2695 1315 2733 a'Giaeomm
1328 2703 1405 2735 dopo
1426 2703 1476 2727 che
1495 2703 1588 2734 questi
1603 2703 1724 2728 divento
1738 2704 1916 2735 maggioren-
1950 2708 1981 2725 ιο

1018 2754 1062 2776 ne,
1082 2747 1181 2771 avanti
1202 2746 1224 2769 il
1248 2752 1315 2770 1310
1333 2744 1437 2777 (Maria
1458 2743 1532 2769 morl
1552 2746 1627 2777 dopo
1643 2746 1663 2769 il
1680 2746 1770 2777 1215).
1796 2745 1917 2769 Nell'in-

1018 2790 1158 2813 vestitura
1178 2788 1250 2819 (XII,
1272 2786 1317 2818 26)
1337 2788 1381 2811 dei
1404 2787 1506 2811 molini
1526 2788 1554 2811 di
1576 2787 1750 2817 Fiumicino,
1771 2787 1816 2811 del
1843 2794 1917 2816 1210,

1018 2836 1031 2861 5
1062 2831 1187 2862 maggio,
1217 2830 1366 2858 macoma,
1395 2830 1489 2853 ormal
1520 2830 1672 2854 diventnto
1705 2831 1918 2862 maggiorenne,

1018 2874 1139 2905 dispone
1159 2873 1202 2896 dei
1224 2873 1288 2896 beni
1310 2872 1410 2904 goduti
1432 2879 1483 2903 pro
1504 2871 1647 2902 indiviso,
1666 2873 1711 2896 dei
1732 2873 1811 2904 quali
1826 2872 1862 2896 ha
1875 2879 1918 2896 as-

1018 2917 1103 2939 sunto
1123 2915 1352 2938 evidentemente
1371 2913 1669 2943 l’amministrazione,
1688 2922 1702 2938 e
1715 2916 1738 2938 si
1754 2915 1873 2946 obbliga
1887 2914 1917 2937 in
1950 2921 1979 2946 15

1018 2958 1145 2990 proprio,
1165 2964 1218 2980 eon
1240 2956 1347 2980 riserva
1368 2956 1397 2980 di
1419 2957 1462 2981 far
1487 2958 1666 2981 riconoscere
1692 2956 1919 2989 l’obbligazione

199 3071 231 3095 T.
252 3071 338 3101 XVII,
358 3079 384 3104 p.
405 3079 415 3096 ι
436 3085 468 3089 -
492 3079 530 3096 12.
