2346 3597
63 719 95 745 10

60 1165 96 1192 20

57 1611 94 1638 30

63 2059 97 2085 40

62 2507 97 2533 50

84 2935 96 2960 υι

480 192 651 227 GESTA
679 190 983 226 MAGNIFICA
1012 189 1194 224 DOMUS
1225 188 1612 224 CARRARIENSIS
1894 188 1963 224 159

212 323 245 347 In
264 324 381 347 nomine
399 323 452 346 Dei
474 323 627 346 salvatoris
647 323 738 346 nostri
757 321 840 345 Iliesu
861 321 979 345 Christi.
1017 320 1177 350 Conradus,
1198 320 1292 351 gratia
1313 320 1376 348 Dei,
1398 320 1553 350 imperator
1582 320 1737 351 Augustus,
1757 327 1833 344 anno
1853 320 1967 352 imperii

125 367 194 395 eluS,
213 367 274 391 Deo
287 367 431 399 propicio.
444 367 491 390 hic
506 368 536 390 in
548 366 635 390 italia
649 366 750 397 primo,
771 365 817 389 die
837 363 861 396 l*
875 365 901 396 *J
923 366 1026 389 mensis
1041 365 1117 393 iulii,
1133 364 1284 388 indicione
1297 363 1415 392 decima,
1430 364 1460 386 in
1475 364 1591 386 ecclesia
1604 365 1695 387 sancti
1710 363 1826 387 Steffani
1841 364 1969 388 martiris

129 410 250 440 Christi,
270 419 322 442 que
340 414 382 435 est
401 411 562 435 constructa
582 411 613 433 in
634 410 714 439 villa,
734 417 785 440 que
805 409 922 438 dicitur,
936 409 1078 433 Carraria.
1116 409 1174 441 Ego
1197 408 1333 437 Litolfus,
1354 407 1429 431 filius
1449 407 1592 438 quondam
1608 406 1766 436 Gumberti,
1787 409 1820 431 de
1840 409 1968 440 predicto

128 456 191 479 loco
206 456 347 486 Carraria,
368 457 415 487 qui
430 455 574 487 professus
593 462 653 478 sum
666 461 700 478 ex
719 455 839 478 nacione
858 462 917 478 nica
938 454 998 486 lege
1020 455 1116 477 vivere
1130 453 1397 485 Longobardorum,
1413 453 1458 481 do,
1473 453 1550 481 cedo,
1567 452 1657 480 trado,
1672 455 1754 482 atque
1768 453 1853 477 offero
1869 455 1897 476 in
1913 455 1967 476 iam

127 500 203 523 dieta
222 500 340 523 eeclesia
361 507 412 531 pro
433 501 527 522 anima
548 498 698 522 Gumberti
718 501 745 521 ct
766 498 949 530 Ragentruda
971 499 1121 530 iugalibus,
1142 499 1189 529 qui
1214 497 1269 521 suit
1289 497 1406 529 genitor
1426 498 1454 519 et
1472 497 1628 528 genitrices
1649 504 1730 523 meas,
1751 499 1777 520 et
1797 498 1890 521 anime
1911 505 1968 521 mee

124 546 153 568 et
171 545 265 567 anime
284 544 416 571 Ricarda,
436 552 488 575 que
510 544 565 567 fuit
583 545 705 575 cognata
726 552 795 570 mea,
815 545 842 567 et
862 546 1011 575 parentum
1031 544 1175 574 quondam
1196 549 1329 571 meorum,
1353 549 1368 564 a
1389 542 1512 573 presenti
1533 541 1579 564 die
1599 543 1626 564 et
1646 541 1715 564 hora
1735 542 1769 564 ad
1789 542 1849 574 jure
1864 542 1896 565 dc
1909 550 1970 574 pre-

127 588 203 612 dicta
222 589 340 612 ecclesia
360 590 452 612 sancti
471 587 586 612 Steffani
607 589 799 620 proprietario
816 589 931 611 nomine
946 587 980 611 ad
995 588 1164 618 habendum,
1179 587 1222 610 hii
1243 589 1318 615 sunt,
1334 586 1513 609 massaricias
1532 587 1656 615 quatuor
1676 585 1798 608 indicta
1818 586 1896 615 villa,
1916 594 1968 617 que

126 634 233 657 dicitur
253 632 395 664 Carraria,
415 637 443 656 et
462 633 640 656 massaricias
660 632 730 656 duas
751 633 780 656 in
803 633 972 661 Buvolenta,
991 635 1018 656 et
1039 632 1107 656 duas
1128 632 1306 656 massaricias
1320 631 1351 654 in
1366 631 1439 660 loco,
1461 630 1509 661 qui
1524 630 1631 653 dicitur
1650 629 1812 658 Pernumia,
1825 632 1852 653 et
1867 638 1968 655 massa-

125 678 210 701 rIcias
229 679 286 701 tres
306 678 336 701 in
356 677 420 700 loco
440 677 584 708 Arquada,
605 680 632 700 et
651 678 829 701 massaritias
849 679 973 708 quatuor
994 678 1022 700 in
1043 677 1109 700 loco
1129 676 1320 707 Montigroto,
1343 682 1395 706 que
1415 675 1508 705 posite
1528 676 1594 698 sunt
1615 674 1743 705 predicte
1758 675 1918 698 massaricie
1940 677 1968 699 in

125 723 266 745 comitatu
286 722 435 753 patavino.
474 722 566 745 i'rima
586 723 758 752 massericia,
779 723 808 745 iu
829 722 958 754 predicto
979 721 1044 745 loco
1060 721 1202 749 Carraria,
1216 720 1266 751 qui
1280 721 1322 743 est
1337 721 1413 742 recta
1427 722 1453 742 et
1469 719 1597 742 laborata
1612 726 1660 750 per
1675 718 1819 741 Veneroso
1836 726 1968 750 massaro,

126 766 199 789 liber
216 766 310 796 homo,
332 766 409 797 quod
429 768 471 789 est
491 766 551 797 ipsa
568 767 622 790 iam
637 766 715 789 dicta
736 766 898 790 massericia
920 766 995 789 inter
1014 766 1149 794 sedimen,
1170 765 1262 788 vineis
1276 766 1304 788 et
1318 764 1408 795 pratis
1422 765 1449 787 et
1463 763 1547 787 terris
1561 763 1681 786 arabilis
1696 770 1757 786 cum
1772 764 1844 786 areis
1858 771 1968 787 suarum

125 811 200 835 inias
220 818 331 834 novem.
365 811 493 835 Secunda
513 811 677 834 massaricia
697 813 726 834 in
747 810 844 834 eodem
865 811 939 839 loco,
959 811 1008 841 qui
1026 813 1069 834 est
1096 812 1170 833 recta
1191 811 1218 833 et
1243 809 1374 833 laborata
1399 816 1447 841 per
1466 807 1589 832 Steffano
1616 815 1749 837 massam,
1777 807 1849 831 liber
1875 808 1966 837 homo,

126 856 201 887 quod
219 858 262 879 est
282 856 343 887 ipsa
362 857 526 879 massaricia
548 857 621 879 inter
642 856 768 880 sedimen
788 858 815 879 et
836 856 930 879 vineis
948 858 976 879 et
997 856 1087 887 pratis
1106 856 1134 878 et
1152 854 1236 878 terris
1258 853 1376 877 arabilis
1396 854 1470 877 iuias
1490 854 1604 884 septem.
1642 852 1742 876 Tereia
1757 853 1919 876 massaricia
1939 854 1968 877 in

125 901 254 932 predicto
273 901 348 929 loco,
368 901 416 931 qui
438 903 513 924 recta
533 902 561 924 et
581 901 710 925 laborata
729 902 772 925 est
793 908 840 931 per
859 900 1019 931 Ingilberto
1040 906 1176 928 massaro,
1202 899 1276 923 liber
1294 899 1392 928 homo,
1412 897 1487 929 quod
1508 900 1549 921 est
1570 898 1633 928 ipsa
1654 898 1782 929 predicta
1808 899 1971 922 massaricia

126 945 202 968 inter
221 945 346 968 sedimen
364 947 393 968 et
414 945 506 968 vineis
526 947 554 968 et
573 946 665 976 pratis
683 946 711 968 et
731 946 814 968 terris
828 944 947 968 arabilis
967 945 1041 967 iuias
1064 951 1121 968 sex.
1160 942 1269 971 Quarta
1289 943 1454 966 massaricia
1474 943 1503 965 in
1525 942 1654 973 predicto
1675 942 1739 965 loco
1759 940 1901 969 Carraria,
1922 943 1972 973 qui

125 990 166 1012 est
186 991 261 1013 recta
280 991 308 1012 et
326 989 456 1013 laborata
475 997 524 1021 per
544 990 623 1013 Bono
643 996 779 1019 massaro,
798 989 871 1013 liber
889 989 983 1019 homo,
1004 989 1079 1019 quod
1099 990 1141 1012 est
1162 989 1223 1020 ipsa
1245 988 1409 1011 massaricia
1429 987 1505 1010 inter
1525 986 1650 1010 sedimen
1674 988 1701 1009 et
1723 986 1815 1009 vineis
1835 990 1862 1010 et
1881 988 1970 1018 pratis

124 1035 152 1057 et
170 1035 255 1057 terris
275 1033 394 1057 arabilis
410 1035 483 1058 iuias
497 1041 554 1058 sex.
591 1034 627 1057 Et
646 1034 676 1057 in
697 1034 820 1058 circuitu
840 1034 964 1057 eiusdem
987 1034 1104 1057 ecclesie
1125 1035 1200 1056 inter
1219 1033 1302 1056 terris
1323 1032 1442 1056 arabilis
1457 1033 1484 1055 et
1503 1032 1594 1063 pratis
1608 1031 1681 1054 iuias
1695 1031 1756 1054 due.
1795 1030 1829 1054 Et
1844 1032 1972 1063 predicta

125 1079 290 1102 massaricia
316 1079 346 1101 in
371 1079 501 1110 predicto
528 1079 593 1102 loco
618 1080 646 1102 et
672 1078 761 1101 fundo
789 1077 956 1107 liuvolenta,
982 1079 1028 1108 qui
1055 1079 1097 1101 est
1122 1079 1198 1101 recta
1219 1079 1245 1100 et
1264 1077 1396 1100 laborata
1420 1084 1468 1107 per
1488 1076 1595 1099 Blanco
1615 1082 1750 1103 massaro,
1776 1075 1849 1099 liber
1867 1076 1970 1103 homo;

126 1123 247 1147 secunda
266 1124 432 1147 massaricia
451 1124 482 1147 in
502 1124 631 1155 predicto
651 1123 716 1146 loco
737 1123 907 1150 Buvolenta,
927 1123 976 1154 qui
990 1124 1032 1146 est
1051 1124 1129 1146 recta
1148 1124 1176 1146 et
1195 1122 1325 1146 laborata
1339 1128 1387 1153 per
1401 1120 1580 1148 Christiano,
1595 1121 1668 1144 liber
1681 1121 1778 1150 homo,
1797 1127 1860 1144 cum
1875 1122 1973 1144 omnia

126 1169 185 1191 suis
199 1168 395 1200 pertinenciis.
431 1168 467 1191 Et
481 1168 621 1199 predictes
635 1168 703 1190 dues
718 1168 895 1191 massaricies
910 1168 940 1190 in
955 1167 1120 1199 supradicto
1136 1167 1200 1190 loco
1214 1166 1364 1190 Permunia
1379 1168 1406 1190 et
1422 1166 1519 1193 fundo,
1539 1165 1615 1196 quod
1637 1168 1703 1188 sunt
1717 1167 1791 1188 recte
1805 1167 1831 1188 et
1847 1166 1973 1190 laborate

126 1219 174 1240 ner
187 1213 370 1244 Rangibaldo
390 1215 418 1236 et
437 1212 598 1243 Sigovert0‚
618 1213 717 1236 liberis
737 1212 911 1241 hominibus,
930 1212 1006 1243 quod
1021 1214 1087 1236 sunt
1102 1213 1176 1243 ipses
1191 1212 1280 1235 dictes
1300 1212 1367 1235 dues
1388 1210 1567 1234 massaricies
1588 1211 1663 1233 inter
1683 1209 1807 1233 sedimen
1829 1212 1857 1233 et
1878 1211 1973 1234 vineis

125 1259 153 1281 et
173 1257 262 1289 pratis
281 1259 309 1281 et
334 1257 418 1280 terris
439 1257 557 1280 arabilis
582 1258 610 1280 et
635 1257 718 1280 silvis
744 1264 807 1280 cum
827 1257 963 1280 buscaliis
991 1258 1064 1280 iuias
1089 1256 1262 1287 quindecim.
1300 1255 1334 1280 Et
1356 1255 1495 1288 predictes
1516 1256 1572 1278 tres
1592 1254 1771 1278 massaricies
1798 1256 1826 1277 in
1855 1255 1918 1278 loco
1943 1258 1971 1278 et

125 1302 216 1325 (undo
236 1302 378 1332 Arquada,
397 1302 489 1333 prima
510 1301 683 1332 massaricia,
704 1301 753 1332 qui
775 1304 850 1325 recta
869 1306 895 1325 et
914 1301 1043 1325 laborata
1059 1309 1106 1333 per
1122 1301 1246 1334 Vigenco
1262 1308 1398 1329 massaro,
1416 1299 1491 1331 quod
1511 1301 1554 1323 est
1575 1301 1635 1331 ipsa
1657 1299 1785 1331 predicta
1806 1300 1971 1323 massaricia

125 1347 200 1370 inter
218 1347 344 1370 sedimen
364 1348 392 1369 et
413 1346 507 1369 vineis
526 1347 553 1369 et
573 1347 663 1377 pratis
683 1347 711 1369 et
730 1347 814 1369 terris
839 1346 959 1370 arabilis
986 1346 1060 1370 inias
1086 1347 1153 1369 tres.
1183 1345 1312 1369 Secunda
1333 1346 1497 1368 massan-iria
1524 1345 1553 1367 in
1580 1345 1710 1375 predicto
1739 1345 1803 1367 loco
1828 1344 1970 1375 Arquada,

125 1391 174 1421 qui
195 1391 250 1414 fuit
270 1392 345 1414 recta
364 1392 392 1414 et
411 1390 540 1414 laborata
560 1398 608 1422 per
628 1390 784 1414 Iohannem
811 1391 929 1414 Balbum
951 1398 1084 1419 massaro,
1112 1391 1183 1414 liber
1202 1390 1299 1418 horno,
1324 1390 1399 1420 quod
1419 1391 1461 1413 est
1482 1391 1544 1420 ipsa
1564 1389 1729 1412 massaricia
1751 1390 1826 1411 inter
1845 1389 1971 1412 sedimen

123 1437 151 1458 et
171 1436 264 1459 vin2is
282 1438 310 1458 et
330 1435 420 1467 pratis
441 1437 468 1459 et
488 1436 571 1458 terris
590 1435 710 1458 arabilis
730 1435 806 1458 iuias
825 1438 891 1459 tres.
928 1435 1043 1459 Tei-cias
1057 1436 1239 1459 massaricias
1259 1436 1289 1458 in
1310 1435 1440 1466 predicto
1454 1434 1520 1458 loco
1536 1433 1680 1464 Arquada,
1695 1433 1745 1464 qui
1765 1434 1840 1456 recta
1854 1435 1880 1456 et
1894 1433 1971 1457 labo-

125 1481 186 1504 rata
206 1487 255 1511 per
274 1480 387 1503 Iustino
405 1478 507 1509 Greco,
527 1480 599 1503 liber
617 1480 710 1507 homo,
730 1480 806 1510 quod
826 1482 868 1504 est
887 1481 950 1512 ipsa
966 1481 1129 1504 massaricia
1150 1481 1223 1503 inter
1239 1480 1364 1503 sedimen
1385 1481 1412 1503 et
1434 1479 1527 1502 vineis
1546 1481 1573 1502 et
1594 1479 1685 1509 pratis
1704 1481 1731 1501 et
1751 1478 1834 1501 terris
1854 1478 1972 1502 arabilis

125 1525 200 1549 iuias
219 1524 286 1548 duo.
320 1524 356 1548 Et
375 1525 502 1556 predicte
522 1527 644 1555 quatuor
663 1524 827 1548 massaricie
847 1525 877 1548 in
898 1525 1027 1557 predicto
1047 1524 1111 1548 loco
1130 1527 1157 1548 et
1179 1525 1267 1548 fundo
1288 1524 1494 1555 Montegrotto,
1514 1525 1605 1555 prima
1633 1523 1805 1550 massari‹-ia,
1825 1523 1871 1553 qui
1898 1525 1972 1547 recta

124 1570 166 1593 est
186 1571 212 1593 et
236 1569 366 1593 laborata
392 1576 440 1600 per
465 1569 607 1593 Iohannes
630 1569 787 1600 Mecalovo,
815 1576 948 1599 massaro,
969 1570 1041 1593 liber
1059 1570 1156 1598 homo,
1175 1569 1251 1600 quod
1273 1571 1315 1592 est
1337 1570 1398 1600 ipsa
1419 1569 1584 1592 massaricia
1604 1567 1733 1600 predicta
1754 1568 1827 1590 inter
1848 1568 1971 1591 sedimen

124 1615 152 1637 et
173 1613 265 1637 vineis
284 1617 311 1637 et
331 1615 421 1645 pratis
441 1615 469 1637 et
488 1615 572 1637 terris
592 1614 712 1637 arabilis
732 1615 759 1636 et
779 1614 862 1637 silvis
883 1622 945 1638 cum
967 1614 1104 1638 buscaliis
1130 1614 1204 1637 iuias
1231 1613 1334 1637 decem.
1371 1612 1499 1636 Secunda
1519 1612 1695 1641 massaricia,
1714 1613 1761 1642 qui
1784 1613 1824 1635 est
1845 1614 1920 1635 recta
1945 1614 1973 1636 et

126 1659 255 1682 laborata
275 1666 324 1689 per
342 1657 484 1682 Iohannes
504 1658 635 1689 Bergolo,
657 1658 733 1689 quod
752 1648 799 1682 est*
816 1659 877 1690 ipsa
898 1659 1062 1682 massaricia
1084 1660 1158 1682 inter
1178 1659 1303 1682 sedimen
1330 1660 1358 1682 et
1377 1659 1471 1681 vineis
1497 1659 1524 1681 et
1544 1657 1636 1689 pratis
1657 1658 1684 1680 et
1705 1656 1788 1679 terris
1809 1656 1927 1680 arabilis
1945 1659 1974 1680 et

126 1703 212 1726 silvis
230 1710 292 1727 cum
311 1703 448 1726 buscaliis
469 1703 542 1726 iuias
562 1709 619 1726 sex.
656 1703 758 1726 Tereia
778 1704 944 1727 massaricia
959 1704 988 1727 in
1002 1703 1132 1736 predicto
1152 1703 1225 1731 loco,
1245 1703 1294 1733 qui
1308 1705 1350 1726 est
1370 1703 1446 1725 recta
1465 1704 1492 1725 et
1511 1701 1640 1725 laborata
1661 1708 1708 1732 per
1727 1700 1819 1724 Leoni
1840 1708 1974 1728 massaro.

125 1748 200 1779 quod
220 1749 262 1772 est
281 1749 342 1780 ipsa
363 1748 527 1771 massaricia
546 1748 622 1771 inter
641 1747 768 1771 sedimen
789 1750 816 1771 et
836 1749 928 1772 vineis
948 1750 974 1772 et
994 1749 1078 1772 terris
1100 1748 1217 1772 arabilis
1232 1750 1259 1771 et
1274 1748 1364 1779 pratis
1384 1749 1411 1770 et
1431 1747 1514 1770 silvis
1529 1754 1590 1770 cum
1604 1746 1742 1769 buscaliis
1756 1747 1829 1769 iuias
1842 1748 1973 1776 quatuor.

128 1791 237 1820 Quarta
256 1793 421 1817 massaricia
441 1793 470 1816 in
491 1793 620 1824 predicto
640 1793 703 1816 loco
722 1796 751 1816 et
771 1793 862 1817 fundo
882 1793 1078 1825 Montegroto,
1098 1794 1147 1824 qui
1168 1796 1244 1817 recta
1263 1794 1289 1816 et
1310 1793 1439 1816 laborata
1460 1799 1508 1824 per
1527 1792 1612 1815 Petro
1633 1798 1767 1819 massaro,
1787 1790 1859 1814 liber
1879 1791 1974 1820 homo,

127 1839 202 1869 quod
221 1839 265 1862 est
285 1840 360 1870 ipsas
380 1838 523 1870 predictas
544 1839 723 1862 massaricias
744 1839 819 1862 inter
834 1838 958 1862 sedimen
979 1840 1006 1862 et
1028 1838 1121 1861 vineis
1134 1840 1163 1862 et
1177 1839 1260 1861 terris
1281 1836 1399 1860 arabilis
1420 1836 1479 1860 sive
1498 1836 1589 1868 pratis
1603 1838 1630 1859 et
1650 1836 1735 1859 silvis
1755 1842 1816 1858 cum
1838 1836 1975 1859 buscaliis

127 1884 200 1907 iuias
219 1883 352 1914 quinque.
389 1883 425 1907 Et
444 1883 469 1906 si
488 1883 611 1915 amplius
633 1883 665 1906 de
685 1884 737 1906 mei
759 1883 822 1907 iure
842 1883 923 1906 rebus
944 1884 972 1906 in
989 1884 1046 1906 iam
1061 1882 1148 1906 dictis
1163 1882 1244 1910 locis,
1264 1889 1316 1912 que
1339 1884 1455 1905 voratur
1470 1881 1643 1908 Buvolenta,
1657 1882 1684 1903 et
1699 1881 1727 1903 in
1743 1880 1973 1910 Pernumia,tam

127 1928 203 1951 infra
222 1928 285 1959 ipso
304 1929 397 1951 castro
417 1927 450 1951 de
470 1929 525 1951 iam
546 1928 623 1951 dicto
643 1929 716 1958 loco,
737 1929 766 1952 et
786 1929 841 1951 iam
862 1928 941 1952 dicto
957 1927 1021 1951 loco
1042 1928 1182 1958 Arquada,
1198 1929 1224 1950 et
1239 1928 1295 1950 iam
1310 1927 1461 1950 nominato
1475 1926 1551 1955 loco,
1564 1925 1639 1956 quod
1654 1925 1761 1948 dicitur
1779 1924 1973 1956 Montegroto,

126 1973 160 1996 de
177 1973 239 1996 iure
258 1973 340 1996 rebus
361 1974 390 1996 in
410 1974 547 2005 predictis
563 1973 744 2002 massariciis,
759 1973 833 1997 casis
847 1974 874 1996 et
888 1973 969 1996 rebus
983 1973 1195 2004 pertinentibus
1217 1972 1344 1996 inventis
1362 1971 1456 2000 fuerit,
1470 1978 1552 2001 quam
1568 1973 1599 1994 ut
1614 1977 1698 2001 supra
1712 1970 1743 1993 in
1758 1970 1844 1993 cartis
1858 1969 1973 2002 legitur,

128 2017 263 2049 persistat
283 2018 399 2050 pioprie
423 2019 592 2049 potestatem
622 2019 815 2049 proprietario
844 2019 904 2041 iure
932 2017 967 2041 ad
996 2017 1157 2041 habendum
1187 2017 1277 2048 ipsam
1307 2019 1432 2040 sanctam
1463 2016 1612 2039 ecclesiam
1641 2022 1697 2038 tam
1722 2016 1814 2042 terris,
1844 2015 1928 2038 silvis
1947 2016 1974 2038 et

127 2062 252 2086 sedimen
272 2069 368 2086 earum
387 2069 450 2086 cum
470 2064 542 2086 casis
555 2069 639 2094 super
658 2070 686 2086 se
700 2063 805 2086 habent
825 2065 851 2086 et
867 2070 922 2086 una
935 2070 999 2086 cum
1013 2062 1101 2086 curtis
1121 2064 1148 2085 et
1162 2063 1244 2089 ortis,
1260 2062 1341 2089 areis,
1355 2063 1382 2084 et
1396 2061 1429 2084 de
1452 2061 1523 2084 foris
1540 2067 1605 2083 vero
1620 2062 1715 2083 tamen
1735 2059 1818 2082 terris
1838 2060 1974 2083 aratoriis

126 2114 174 2130 seu
189 2107 286 2139 vigris,
303 2108 405 2135 vineis,
419 2108 534 2138 campis,
551 2109 651 2139 pratis,
666 2107 787 2139 pascuis,
802 2107 885 2131 silvis
900 2110 927 2131 et
941 2107 1089 2135 stellariis,
1109 2108 1180 2130 rivis
1200 2113 1231 2130 ac
1251 2106 1412 2138 paludibus,
1436 2105 1658 2136 piscacionibus
1680 2104 1893 2135 venacionibus,
1915 2112 1973 2127 mo-

127 2151 262 2181 lendinis,
281 2158 472 2183 aquarumque
490 2151 661 2182 decursibus,
682 2154 739 2176 tam
755 2153 784 2176 in
800 2153 946 2176 montibus
960 2159 1097 2183 quamque
1110 2153 1138 2174 et
1157 2151 1187 2174 in
1204 2151 1348 2182 planiciis,
1369 2157 1431 2173 cum
1446 2150 1544 2173 omnia
1564 2151 1591 2172 et
1605 2150 1739 2173 omnibus
1759 2149 1832 2172 casis
1846 2151 1873 2172 et
1893 2149 1974 2172 rebus

128 2196 197 2224 illiS,
217 2197 291 2220 sicut
310 2197 438 2228 superius
458 2196 572 2228 legitur,
593 2198 621 2220 in
644 2198 794 2228 integrum.
832 2197 992 2227 iterumque
1006 2197 1083 2220 dono
1098 2199 1125 2220 et
1144 2195 1272 2219 concedo
1285 2197 1312 2218 et
1332 2195 1418 2218 offero
1431 2201 1483 2226 ego
1497 2194 1545 2225 qui
1561 2194 1689 2225 predicto
1703 2192 1815 2217 Litolfo
1831 2195 1860 2217 in
1875 2195 1972 2217 sancta

128 2241 246 2265 ecclesia
264 2248 347 2264 servo
367 2248 423 2265 uno
444 2242 515 2264 iuris
535 2243 599 2270 mei,
620 2242 737 2265 nomine
755 2241 906 2269 Iohannes,
920 2243 967 2272 qui
984 2241 1090 2264 divitur
1103 2241 1275 2270 Furvuiano,
1293 2240 1379 2265 dono.
1394 2239 1471 2267 cedo,
1487 2239 1568 2262 trado
1583 2240 1666 2269 atque
1681 2238 1766 2262 offero
1781 2239 1809 2261 in
1825 2239 1882 2261 iam
1896 2238 1973 2262 dicta

127 2286 247 2309 ecclesia
264 2286 430 2310 beatissima
449 2288 542 2310 sancti
561 2286 687 2317 Steffani,
709 2289 739 2310 ut
758 2287 815 2317 ipsi
836 2287 998 2310 sacerdotes
1018 2287 1062 2309 vel
1083 2286 1296 2314 monachorum,
1311 2286 1358 2315 qui
1374 2284 1480 2308 ibidem
1496 2283 1582 2307 modo
1596 2285 1638 2307 est
1660 2283 1703 2307 vel
1717 2284 1765 2314 qui
1780 2290 1831 2314 pro
1847 2285 1974 2314 tempore

127 2330 256 2355 ordinati
275 2331 392 2359 suerint,
411 2334 443 2356 ut
461 2331 583 2355 habeant
604 2333 772 2363 potestatem
792 2333 826 2356 ad
847 2331 1008 2362 regendum,
1028 2331 1242 2363 gubernandum
1262 2332 1289 2354 et
1309 2329 1518 2360 disponendum
1533 2330 1594 2352 sine
1614 2328 1708 2352 omnis
1723 2335 1781 2352 mea
1795 2330 1822 2351 et
1842 2327 1973 2351 heredum

129 2383 253 2399 meorum
273 2376 502 2400 contradictione
524 2376 568 2400 vel
589 2377 664 2400 iusta
685 2383 776 2405 causa,
795 2384 878 2407 quam
898 2377 1011 2406 habent,
1033 2376 1134 2399 melius
1155 2374 1342 2406 previderint,
1357 2376 1388 2397 ut
1402 2373 1489 2397 michi
1504 2374 1634 2404 peccator
1647 2374 1832 2405 parentorum
1847 2379 1973 2396 meorum

127 2419 243 2444 adficiat
263 2419 298 2444 ad
319 2420 439 2444 salutem
458 2422 486 2444 et
505 2421 643 2452 gaudium
662 2422 874 2452 sempiternum,
895 2422 925 2444 ut
945 2428 1100 2444 mereamur
1127 2420 1224 2443 audire
1244 2426 1326 2443 servo
1353 2419 1422 2442 bene
1448 2420 1475 2442 et
1501 2417 1624 2441 fideliter
1644 2419 1752 2442 intrare
1780 2418 1809 2440 in
1835 2418 1970 2448 gaudium

127 2465 238 2488 domini
259 2466 310 2489 tui.
349 2465 383 2489 Et
405 2466 427 2489 si
449 2466 512 2496 quis
533 2473 609 2493 vero,
629 2465 704 2497 quod
726 2466 853 2489 futui-um
874 2473 931 2489 esse
952 2473 1010 2489 non
1031 2465 1122 2495 credo,
1146 2467 1172 2487 et
1193 2464 1216 2487 si
1245 2472 1295 2496 ego
1323 2465 1382 2495 ipse
1409 2463 1540 2495 predicto
1568 2463 1678 2486 Litolfo
1702 2464 1750 2486 aut
1769 2462 1920 2486 heredibus
1945 2464 1972 2486 et

128 2509 331 2540 proheredibus
352 2510 421 2534 meis
442 2510 599 2541 aliquando
620 2512 748 2542 tempore
767 2512 944 2534 surrexerint
964 2513 1065 2534 contra
1086 2510 1157 2533 lianc
1178 2516 1266 2532 meam
1287 2509 1421 2539 paginam
1443 2508 1613 2536 offersionis,
1634 2508 1709 2539 quod
1730 2515 1783 2539 ego
1809 2515 1870 2531 meo
1895 2508 1973 2530 bono

127 2555 225 2578 animo
244 2554 303 2578 fieri
323 2555 434 2586 rogavi,
453 2555 494 2578 ire
513 2555 684 2586 quandoque
704 2556 891 2583 tentaverint,
911 2557 961 2579 aut
980 2562 1041 2582 earn
1061 2562 1110 2587 per
1131 2555 1234 2584 quovis
1254 2553 1403 2584 ingenium
1424 2553 1588 2584 infrangere
1608 2552 1653 2576 vel
1674 2552 1854 2582 interdicere,
1876 2554 1943 2575 tunc
1959 2560 1973 2575 a

126 2599 283 2623 luminibus
301 2599 487 2622 ecclesiarum
507 2601 651 2624 extraneis
671 2600 830 2623 efficiantur
849 2602 876 2623 et
895 2607 958 2623 cum
978 2599 1046 2623 Iuda
1066 2599 1207 2622 traditore
1227 2600 1292 2621 ante
1312 2597 1439 2620 tribunal
1461 2598 1558 2620 eterna
1577 2597 1604 2620 et
1625 2597 1693 2620 inde
1706 2597 1807 2621 habeat
1828 2598 1973 2620 racionem

221 2719 242 2736 ε.
262 2712 292 2736 in
311 2711 390 2744 Ital.]
407 2712 486 2735 infra
506 2712 564 2736 PS
579 2725 611 2729 --
632 2717 654 2743 5.
668 2720 720 2745 pro
734 2712 860 2736 remedio
881 2713 975 2736 anime
990 2714 1013 2735 S
1025 2725 1034 2729 -
1048 2712 1200 2744 genitricis
1214 2718 1271 2734 mee
1287 2710 1308 2734 S
1321 2723 1352 2726 —
1376 2717 1417 2734 10.
1435 2709 1560 2733 Venetos
1574 2709 1597 2733 S
1614 2723 1645 2727 —
1667 2708 1708 2742 36.
1729 2711 1835 2733 vocant
1851 2711 1918 2734 5—
1932 2715 1974 2741 39.

129 2755 218 2778 curtis
236 2755 296 2779 PS
313 2768 345 2772 —
364 2761 408 2786 40.
427 2755 579 2778 secundum
602 2754 625 2778 S
642 2769 674 2772 -—-
694 2760 736 2785 45.
757 2755 961 2779 monialiorum
982 2755 1041 2779 PS
1059 2767 1091 2771 —-
1113 2754 1154 2786 48.
1176 2753 1305 2786 proficiat
1325 2754 1348 2776 S
1366 2765 1397 2769 —
1418 2759 1461 2783 40.
1482 2752 1588 2776 sactum
1609 2753 1636 2775 P

125 2843 322 2875 dan‘Oasno,
344 2845 443 2868 lstorie
462 2844 492 2868 di
510 2844 633 2872 Parioi-a,
648 2845 666 2868 1.
685 2843 733 2874 111,
754 2852 780 2876 p.
799 2850 819 2872 1,
840 2852 853 2868 e
873 2837 1021 2868 illustrato
1077 2845 1208 2867 tamente,
1225 2841 1389 2865 ‘umettcndo
1405 2840 1471 2873 pero
1491 2843 1570 2874 parte
1591 2841 1664 2865 delle
1684 2842 1899 2865 sottoscrizioni
1916 2842 1972 2865 dcl-

127 2886 173 2909 dal
187 2886 348 2914 Brunmccr,
365 2886 488 2910 Historia
504 2887 708 2914 Erclcsiastica,
723 2886 741 2910 l.
752 2885 800 2914 111,
812 2894 825 2910 e
836 2886 882 2910 dal
896 2886 1022 2914 Ceomw,
1079 2885 1283 2909 l’cscntocollo.
1305 2883 1400 2907 L'atto
1412 2884 1440 2907 su
1456 2886 1559 2914 rogato
1571 2884 1616 2908 dal
1631 2885 1730 2908 notaio
1742 2883 1903 2913 Giovanni,
1915 2892 1971 2907 non

127 2928 226 2951 Albero
244 2929 304 2957 cit„
322 2935 348 2959 p.
369 2934 399 2957 ²3
420 2928 448 2952 S.
469 2928 593 2960 Stefana,
614 2936 640 2959 p.
656 2934 668 2958 ς
684 2936 743 2959 sgg.
782 2928 803 2951 Il
825 2926 928 2952 Gloria
944 2926 1022 2957 (Coa'.
1078 2930 1112 2951 da
1134 2927 1260 2953 Isnnrdo„
1276 2934 1352 2949 come
1367 2926 1478 2950 all‘erma
1493 2926 1514 2950 il
1536 2926 1656 2956 Ceoldo,
1669 2927 1790 2950 essendo
1804 2928 1902 2957 questo
1918 2927 1973 2950 sol-

127 2970 194 3000 dipl.
213 2970 270 2998 cit„
290 2970 310 3000 1,
334 2976 382 3002 154
403 2978 453 3002 sg.,
475 2978 502 2994 n.
526 2970 583 3002 118)
604 2971 632 2994 lo
647 2970 810 3002 ripubblico
824 2972 897 2995 assai
916 2973 1021 2994 corret-
1079 2972 1160 2994 tanto
1173 2970 1257 2993 socius
1268 2969 1311 2992 del
1329 2971 1447 3000 rogante
1460 2969 1486 2991 la
1498 2969 1581 3000 copia
1593 2976 1606 2992 e
1617 2976 1698 2992 come
1711 2969 1766 2992 talc
1779 2969 1972 2992 sottoscritto.

2006 2974 2036 2990 10
