2346 3597
70 684 102 710 10

69 907 100 933 15

65 1193 100 1220 20

59 1495 100 1527 25

54 1808 96 1839 30

53 2074 94 2106 35

53 2342 94 2373 40

63 2864 95 2882 10

480 154 653 190 GESTA
681 152 986 189 MAGNIFICA
1016 151 1202 186 DOMUS
1231 149 1624 187 CARRARIENSIS

131 289 214 312 nibus
233 289 292 312 suis
311 288 484 312 adiacenciis
503 289 531 312 et
550 287 737 319 pertinenciis
758 288 841 317 atque
861 293 924 309 cum
944 285 1026 309 omni
1043 286 1113 318 jure,
1134 285 1248 308 actlone
1266 285 1295 308 et
1314 285 1428 308 ratione
1444 284 1524 312 reali,
1539 286 1567 308 et
1581 284 1736 316 personali,
1749 285 1885 316 predictis
1900 284 1973 307 sedi-

133 333 258 356 minibus
277 340 340 356 cum
359 332 480 356 edificiis
499 332 674 363 pertinenti3
692 331 815 355 habeant
835 330 964 361 equidem
984 331 1012 353 et
1031 331 1146 353 teneant
1172 331 1255 360 atque
1278 328 1446 361 possideant
1472 329 1631 360 predictum
1657 328 1782 352 sedimen
1811 336 1976 359 omnemque

131 385 210 401 suam
234 377 391 402 utilitatem
416 379 444 401 et
470 377 649 400 voluntatem
674 383 709 400 ex
734 376 775 399 eis
799 375 924 399 facerent
945 375 1061 398 nomine
1080 374 1307 407 permutacionis
1326 375 1354 397 et
1379 374 1439 406 jure
1467 373 1542 396 feudi
1564 375 1626 396 sine
1650 373 1796 402 fidelitate,
1822 372 1975 397 secundum

131 421 208 453 quod
228 422 303 445 inter
322 429 350 445 se
369 422 610 454 permutaverunt,
630 422 661 444 ut
680 420 810 451 superius
829 419 945 451 legitur,
964 419 1100 446 dicentes,
1120 420 1278 442 asserentes
1298 417 1456 449 predictum
1477 416 1603 441 sedimen
1625 417 1697 440 nulli
1720 418 1768 441 alii
1791 417 1851 441 fore
1870 418 1976 445 datum,

132 465 298 495 alienatum,
319 465 479 497 obligatum
498 471 546 489 seu
566 464 664 495 aliquo
685 463 770 486 modo
790 463 990 491 obnoxiatum,
1012 463 1077 490 nisi,
1090 464 1120 485 ut
1141 469 1224 493 supra
1244 462 1351 485 dictum
1371 463 1422 490 est,
1444 462 1518 484 inter
1532 468 1560 484 se
1575 463 1737 492 permutant
1753 461 1880 484 vicissim
1901 462 1976 484 inter

133 517 161 533 se
180 517 254 533 unus
273 510 366 534 alteri.
396 510 593 533 Promiserunt
606 508 800 540 stipulacione
820 509 927 531 inserta
947 508 1107 539 prescripta
1127 506 1268 530 sedimina
1287 513 1360 530 unus
1380 506 1464 529 alteri
1485 508 1512 529 et
1533 506 1588 529 suis
1610 505 1759 529 heredibus
1782 507 1810 529 et
1831 506 1877 529 cui
1897 505 1977 529 dede-

133 555 192 578 rint
209 556 377 586 guarentare
397 556 424 578 et
443 553 607 577 deffendere
626 553 659 577 ab
679 553 757 576 omni
778 552 894 576 homine
912 559 976 575 cum
996 552 1112 575 racione
1132 552 1160 574 in
1181 557 1252 582 pena
1273 550 1364 581 dupli,
1382 551 1536 574 secundum
1557 551 1631 581 quod
1651 558 1703 583 pro
1723 552 1849 581 tempore
1872 551 1978 573 fuerint

131 598 282 623 meliorat-a
301 600 350 623 aut
372 600 401 622 in
421 598 569 622 consimili
590 598 654 621 loco
674 597 818 621 valuerint
838 596 963 620 sedimen
984 596 1069 623 illud,
1091 595 1167 626 quod
1182 595 1269 619 fuerit
1282 596 1418 619 evictum.
1444 595 1575 618 Preterea
1586 595 1753 619 alternatim
1768 596 1842 618 inter
1862 602 1889 618 se
1904 602 1976 618 unus

129 643 213 666 alteri
233 643 379 671 dederunt,
399 644 552 671 cesserunt,
572 641 754 666 tradiderunt
772 643 856 672 atque
877 640 1087 664 mandaverunt
1107 647 1192 664 omne
1209 641 1263 672 gius,
1284 641 1415 663 acciones
1435 641 1463 663 et
1484 640 1624 669 racioneS,
1645 640 1719 670 quod
1746 641 1773 663 et
1799 646 1868 670 quas
1893 639 1974 662 habe-

133 688 203 711 bant
222 687 343 719 quilibet
363 689 392 711 in
413 687 537 711 sedimen
559 686 642 716 illud,
660 686 734 718 quod
756 686 849 716 alteri,
870 687 901 709 ut
919 692 1004 717 supra
1023 686 1131 709 dictum
1157 686 1209 713 est,
1236 685 1376 713 dederint,
1395 686 1423 708 et
1443 685 1579 708 adversus
1597 684 1753 715 quemlibet
1774 683 1973 715 impedientem

132 732 224 763 ipsum
244 733 380 760 sedimen,
401 732 444 756 vel
463 731 575 763 aliquid
595 739 630 755 ex
642 738 684 760 eo,
699 738 771 755 unus
784 731 867 755 alteri
889 731 1018 755 vicissim
1033 730 1063 754 in
1079 738 1136 754 rem
1151 737 1229 754 suam
1244 729 1399 753 constituit
1413 737 1475 752 cum
1490 729 1675 760 obligacione
1690 736 1805 752 suorum
1824 729 1974 756 bonorum,

130 777 296 801 alternatim
316 784 388 801 unus
407 784 460 810 pro
481 776 540 801 alio
560 776 707 808 possidere
727 776 898 805 constituit3
918 776 1004 808 Jussit
1024 782 1095 799 unus
1117 774 1199 798 alteri
1216 774 1354 803 vicissim,
1369 774 1444 805 quod
1459 773 1582 805 quilibet
1602 775 1690 797 intret
1704 775 1832 797 tenutam
1848 773 1974 797 auctori-

131 822 189 846 tate
209 828 259 846 sua
278 824 305 846 et
325 821 536 853 possessionem
555 821 750 853 predictorum
771 820 945 844 sediminum
964 820 1040 844 inter
1060 827 1088 843 se
1107 820 1344 851 permutatorum.

220 866 324 890 Actum
345 866 401 890 fuit
420 866 450 889 in
471 865 608 890 Carraria
627 866 679 890 sub
698 866 816 898 porticu
835 865 861 889 d.
882 864 1042 897 Ugucionis

220 910 249 935 S.
269 911 306 935 N.
325 910 387 943 Ego
405 909 524 934 Iacobus
545 910 578 934 de
598 909 785 943 Corniglana,
807 910 940 934 notarius
961 910 1032 934 sacri
1054 908 1168 942 palatii,
1190 909 1319 939 interfui,
1338 909 1416 941 jussu
1437 911 1464 933 et
1483 916 1580 932 eorum
1600 908 1650 932 hec
1670 907 1781 939 scripsi.

220 1018 279 1050 Ego
298 1016 323 1051 [⁸
335 1016 370 1049 *],
389 1019 475 1051 judex
494 1018 706 1051 infrascriptus,
728 1018 895 1049 subscripsi.

219 1062 280 1094 Ego
299 1063 438 1093 Matheus,
458 1063 589 1087 notarius
609 1064 704 1087 socius
725 1070 755 1086 ac
775 1063 856 1086 testis
878 1062 1089 1094 infrascriptus‚
1110 1068 1152 1085 me
1172 1061 1328 1093 subscripsi
1348 1062 1376 1085 et
1402 1062 1552 1086 ascultavi.

219 1107 247 1132 S.
268 1108 305 1132 N.
323 1107 383 1139 Ego
404 1108 572 1137 Bernardus⁷
592 1107 663 1131 olim
682 1107 708 1131 d.
729 1107 807 1131 Petri
826 1106 933 1140 judicis
950 1107 983 1130 de
1004 1106 1125 1131 Casellis
1147 1105 1341 1137 [filius],civis
1362 1106 1519 1138 paduanus,
1536 1107 1666 1130 notarius
1681 1105 1892 1136 ultrascriptus,
1913 1106 1973 1128 exi-

130 1153 207 1175 stens
227 1153 258 1175 in
279 1152 376 1176 officio
397 1152 595 1184 ultrascripto,
617 1159 712 1176 coram
737 1152 867 1184 predicto
893 1151 998 1184 judice,
1023 1151 1203 1183 presentibus
1229 1152 1442 1183 prenominatis
1468 1151 1589 1175 testibus
1615 1151 1738 1174 notariis
1765 1152 1793 1174 et
1819 1150 1908 1173 sociis
1934 1149 1969 1173 ad

130 1195 240 1220 dictum
259 1196 368 1220 discum
386 1196 488 1220 Dulcis
508 1198 535 1220 et
555 1196 632 1227 aliis,
651 1197 721 1220 dicti
741 1196 847 1229 judicis
872 1197 951 1229 jussu
971 1198 999 1220 et
1025 1197 1207 1225 auctoritate,
1233 1196 1392 1219 communis
1418 1195 1514 1219 Padue
1540 1197 1710 1220 statutorum
1737 1195 1921 1218 solemnitate
1947 1195 1975 1217 et

130 1240 223 1265 forma
242 1243 363 1270 servata,
389 1242 613 1274 suprascriptum
637 1242 860 1265 instrumentum
885 1248 919 1265 ex
947 1242 1106 1265 auttentico
1134 1241 1292 1273 supradicti
1319 1241 1417 1264 iacobi
1445 1242 1554 1264 notarii
1582 1240 1615 1264 de
1642 1240 1820 1272 Curniglana
1845 1239 1974 1263 fideliter

129 1286 291 1317 exemplavi
312 1286 453 1318 signoque
472 1293 534 1310 meo
554 1286 645 1310 solito
664 1286 808 1317 roboravi,
832 1286 874 1310 nil
895 1288 923 1310 in
946 1294 979 1310 eo
999 1286 1107 1310 addens
1127 1286 1171 1309 vel
1192 1286 1332 1315 minuens,
1353 1285 1431 1316 quod
1451 1285 1625 1309 sententiam
1641 1287 1738 1314 mutet,
1754 1286 1884 1308 currente
1899 1292 1974 1308 anno

129 1331 249 1354 Domini
264 1331 418 1355 millesimo
438 1332 638 1355 trecentesimo
657 1331 895 1363 quinquagesimo
915 1331 1015 1363 primo,
1036 1331 1184 1355 indicione
1204 1332 1314 1362 quarta,
1334 1331 1379 1354 die
1401 1331 1477 1354 iovis
1498 1330 1638 1362 vigesimo
1653 1331 1766 1359 octavo,
1782 1330 1886 1353 mensis
1901 1329 1977 1359 iulii,

130 1376 269 1408 regimine
290 1375 444 1400 anteditto.

240 1494 355 1528 XVII.
379 1514 419 1519 -
443 1496 609 1528 Dominus
639 1495 791 1538 Albrigo
817 1496 914 1528 Lien.

215 1592 267 1625 58.
284 1592 363 1634 [25].
381 1612 423 1618 -
439 1592 537 1625 Fiolo
553 1592 706 1625 succede
722 1604 742 1625 a
758 1593 884 1625 mesier
901 1593 1025 1625 Henri-

125 1657 180 1690 go,
197 1647 286 1678 ditto
302 1647 511 1685 Francesco,
530 1647 576 1678 da
599 1646 746 1679 Carrara
759 1646 781 1678 ¹.
825 1647 877 1678 De
902 1653 1023 1689 questo

125 1700 248 1732 mesier
270 1699 419 1743 Albrigo
446 1700 537 1733 Lion
565 1701 600 1732 io
623 1706 724 1733 trovo
749 1711 811 1742 per
835 1711 880 1732 un
898 1700 1023 1733 instru-

124 1759 241 1785 mento
265 1754 354 1785 fatto
377 1754 436 1785 nel
451 1754 545 1786 mille
570 1754 717 1786 dusento
734 1754 1023 1796 septantacinque

124 1817 218 1839 esser
240 1806 404 1850 obligado
434 1808 479 1839 ad
509 1819 555 1839 un
585 1807 711 1839 mesier
737 1807 955 1840 Tardivelllo
980 1808 1023 1839 de

124 1860 210 1892 Peio
233 1861 270 1892 in
294 1867 389 1893 certa
412 1861 628 1904 quantitade‚
655 1861 790 1894 benehe
815 1861 837 1892 ’1
862 1861 948 1893 ditto
971 1862 1025 1892 in-

123 1920 312 1947 strumento
329 1925 389 1947 era
405 1916 532 1947 taiado.
557 1915 644 1947 Item
660 1922 758 1948 trovo
774 1916 930 1947 anchora
946 1916 1022 1954 che,

123 1968 258 2000 benche
283 1969 305 1999 'l
328 1969 415 2001 ditto
446 1969 571 2001 mesier
594 1968 743 2012 Albrigo
766 1969 902 2001 havessi
927 1969 1023 2001 molti

123 2021 271 2063 parenti,
288 2026 324 2054 et
338 2022 499 2054 eciandio
523 2022 558 2054 di
577 2023 627 2054 soi
644 2022 689 2054 da
707 2021 867 2062 Carrara,
890 2033 956 2065 pur
978 2032 1022 2054 ne

125 2074 268 2107 l’ultimo
287 2075 367 2107 dela
385 2075 455 2107 vita
471 2086 531 2107 soa
547 2076 737 2108 solamente
755 2076 849 2108 volse
866 2076 878 2107 i
902 2076 1023 2118 poveri

123 2129 166 2160 de
190 2128 329 2162 Christo
353 2130 531 2173 romagnir
546 2130 596 2163 soi
615 2131 749 2168 heredi,
766 2141 866 2163 como
890 2141 1022 2173 appare

123 2192 186 2224 per
209 2183 242 2214 la
263 2183 441 2225 partisella
464 2189 554 2217 sotto
576 2185 706 2226 scripta
724 2185 779 2217 del
804 2190 1021 2217 testamento.

209 2473 216 2488 ¹
235 2474 351 2499 Sembra
371 2475 421 2499 che
433 2476 576 2499 vivessero
590 2475 643 2499 due
658 2476 775 2500 membri
790 2476 866 2500 della
880 2476 1014 2508 famiglia

123 2525 262 2542 carrarese
283 2525 335 2541 con
356 2517 385 2541 lo
405 2519 494 2541 stesso
516 2525 600 2542 nome
618 2525 633 2542 e
653 2519 680 2542 la
694 2520 782 2542 stessa
795 2517 939 2551 paternit&
953 2518 1015 2552 (Al-

121 2559 224 2584 bericns
252 2561 307 2584 Leo
319 2561 399 2592 silius
418 2569 441 2591 q.
460 2561 528 2584 dom.
548 2559 709 2592 Franm'sci),
729 2568 773 2585 ma
793 2561 842 2585 che
860 2563 884 2585 si
911 2561 1016 2586 distin-

121 2610 254 2635 guessero
274 2611 323 2635 per
342 2603 370 2627 la
390 2601 535 2635 paternit&
554 2604 599 2628 del
620 2604 714 2637 padre,
734 2611 748 2628 e
767 2603 830 2628 cio'e
844 2604 922 2629 l’uno
935 2605 1016 2637 figlio

121 2646 150 2670 di
170 2645 328 2670 Francesco
348 2645 578 2678 (Enrico),f1glio
597 2647 625 2671 di
646 2646 783 2671 Alberico
802 2646 905 2678 Leone,
920 2647 1017 2672 l’altro

121 2688 202 2720 figlio
216 2688 245 2712 di
265 2688 433 2717 Francesco,
443 2688 524 2719 figlio
538 2689 567 2712 di
582 2689 678 2713 Pietro
693 2688 795 2717 Conte,
816 2692 1017 2722 appartenenti

123 2729 224 2760 quindi
243 2737 259 2753 a
279 2729 332 2753 due
350 2730 537 2761 generazioni
558 2730 677 2759 diverse,
698 2738 720 2760 e,
747 2738 796 2763 per
823 2730 1018 2756 l’ascendente

121 2773 150 2795 in
172 2771 286 2795 diverso
304 2771 396 2803 grado
415 2771 446 2795 di
465 2772 626 2803 parentela:
647 2771 693 2796 cio
713 2773 817 2797 risulta
837 2773 872 2798 da
891 2773 944 2797 due
958 2773 1018 2798 sole

123 2815 198 2837 carte
216 2813 261 2837 dcl
284 2818 359 2844 1275,
381 2820 394 2837 2
415 2821 512 2838 marzo
532 2813 632 2845 (XVII,
654 2814 732 2847 59)‚e
755 2821 831 2847 1279,
847 2820 876 2846 15
891 2817 1017 2848 germaio

123 2855 236 2886 (XVIII.
255 2854 310 2888 62).
346 2856 373 2880 A
393 2857 437 2880 chi
458 2857 507 2888 poi
527 2859 706 2889 appartenga
733 2857 754 2881 il
780 2859 954 2882 testamento
973 2859 1018 2883 del

125 2903 200 2928 1279,
221 2897 237 2921 8
257 2899 379 2930 maggio,
399 2897 414 2922 ὲ
433 2899 552 2929 dubbio,
581 2898 683 2931 perche
709 2900 784 2924 nella
812 2901 954 2932 particoia
979 2902 1019 2924 te-

122 2941 307 2965 stamentaria
326 2940 440 2966 riserit-a
461 2948 600 2966 mancano
620 2942 753 2967 elementl
774 2943 878 2974 precisi
898 2943 927 2967 dl
942 2942 1019 2967 iden-

1200 1496 1316 1529 XVII.
1342 1514 1380 1518 -
1405 1495 1571 1528 Dominus
1593 1494 1752 1526 Albrz'cus
1775 1494 1853 1526 Leo.

1167 1594 1219 1626 58.
1244 1592 1323 1635 [25].
1348 1611 1390 1616 -
1414 1593 1524 1625 Filius
1546 1592 1685 1625 domino
1702 1591 1866 1629 Henrico,
1883 1591 1977 1623 dicto

1078 1647 1278 1685 Francisco‚
1294 1647 1336 1678 de
1360 1646 1521 1679 Carraria
1544 1646 1721 1678 successit.
1770 1644 1875 1677 Cuius
1899 1654 1975 1676 suc-

1079 1701 1242 1732 cessionis
1265 1706 1413 1742 tempus‚
1437 1700 1532 1742 quod
1556 1699 1703 1741 primum
1728 1698 1763 1730 in
1795 1697 1977 1729 codicibus

1078 1753 1122 1786 de
1149 1753 1227 1796 ipso
1251 1753 1470 1796 loquentibus
1486 1753 1635 1794 reperio,
1653 1758 1687 1784 et
1703 1762 1768 1794 ego
1786 1749 1979 1793 legentibus

1077 1807 1261 1839 adhibebo.
1307 1807 1452 1839 Constat
1475 1806 1566 1838 enim
1589 1816 1679 1844 eum,
1706 1811 1742 1836 ut
1765 1804 1800 1835 in
1824 1804 1976 1846 quodam

1077 1862 1318 1899 instrumento,
1351 1860 1434 1892 licet
1472 1860 1595 1898 inciso,
1627 1859 1778 1901 reperio,
1812 1858 1848 1889 in
1887 1867 1976 1888 anno

1077 1914 1215 1946 Domini
1244 1914 1426 1946 millesimo
1451 1914 1691 1946 ducentesimo
1722 1911 1976 1954 septuagesimo

1078 1968 1198 2010 quinto
1223 1968 1412 2010 obligatum
1435 1967 1473 1998 in
1495 1973 1591 1999 certa
1614 1966 1762 2009 quadam
1786 1964 1977 2007 quantitate

1076 2032 1185 2063 penes
1222 2024 1405 2064 quemdam
1442 2021 1616 2053 dominum
1655 2019 1894 2052 Tardivellum
1933 2019 1977 2050 de

1076 2075 1186 2107 Pileo.
1234 2075 1298 2107 Vir
1321 2081 1433 2106 autem
1457 2075 1521 2107 iste
1546 2074 1612 2106 fuit
1642 2073 1847 2117 magnificus
1879 2078 1913 2104 et
1936 2072 1976 2102 li-

1077 2129 1215 2166 beralis,
1238 2129 1301 2161 sed
1324 2129 1434 2172 magis
1457 2129 1618 2171 religioni
1643 2139 1744 2172 quam
1761 2127 1890 2159 mundo
1906 2137 1975 2158 ser·

1076 2184 1186 2219 viens;
1212 2182 1270 2214 hic
1286 2182 1506 2215 solitudinem
1528 2183 1666 2220 amavit,
1680 2182 1714 2213 in
1738 2180 1975 2223 religiosorum

1076 2236 1249 2268 consortio
1266 2236 1450 2278 plurimum
1464 2236 1664 2273 delectatus,
1676 2234 1868 2266 mundanas
1881 2243 1974 2275 opes,

1076 2291 1130 2322 cui
1155 2290 1243 2322 nihil
1275 2301 1294 2321 a
1317 2301 1353 2322 se
1380 2290 1603 2322 beatitudinis
1634 2290 1833 2326 afferentes,
1858 2287 1974 2318 animo

1076 2353 1202 2386 magno
1227 2343 1446 2386 contempsit,
1470 2343 1564 2385 quod
1588 2343 1710 2374 melius
1733 2352 1835 2385 quam
1851 2342 1887 2373 in
1903 2340 1973 2372 vita

1069 2475 1240 2505 tificazione,
1271 2482 1284 2498 e
1304 2475 1426 2506 bisogna
1446 2474 1569 2498 affidarsi
1596 2473 1882 2498 all'identificazione
1903 2480 1969 2504 ope-

1070 2519 1130 2541 rata
1158 2517 1204 2541 dal
1234 2517 1385 2540 follettore
1411 2517 1455 2540 dei
1482 2516 1645 2540 documenti
1670 2515 1789 2548 (XVIII,
1815 2515 1871 2547 61).
1909 2514 1968 2547 (Cf.

1071 2560 1197 2589 Caomo,
1222 2560 1321 2584 Alberu
1348 2561 1406 2588 cit„
1436 2567 1462 2592 p.
1489 2566 1520 2583 22
1549 2559 1631 2591 sgg.).
1669 2559 1732 2583 Una
1759 2559 1878 2591 miglior
1909 2559 1971 2581 luce

1071 2610 1134 2626 reca
1154 2602 1349 2626 i’istrumento
1366 2608 1442 2634 1279,
1461 2607 1489 2632 15
1505 2603 1639 2634 gennaio,
1653 2602 1683 2625 di
1697 2601 1828 2632 acquisto
1843 2601 1877 2624 da
1893 2602 1971 2632 parte

1071 2645 1101 2669 di
1121 2645 1278 2668 Francesco
1300 2644 1312 2656 “
1324 2644 1400 2668 filius
1420 2652 1446 2675 q.
1473 2644 1499 2668 d.
1526 2644 1602 2667 Petri
1629 2643 1792 2674 Comitis„,
1816 2643 1861 2667 nel
1888 2643 1972 2674 quale

1072 2690 1085 2714 ὲ
1107 2689 1253 2713 ricordato
1280 2689 1322 2712 fra
1349 2690 1356 2712 i
1378 2690 1444 2712 testi
1467 2688 1613 2712 “domino
1641 2688 1761 2712 Albrico
1782 2688 1887 2715 Leone,
1911 2687 1972 2711 tilio

1071 2731 1247 2763 quondam
1269 2731 1410 2754 domini
1430 2730 1636 2754 Francisci
1659 2730 1700 2754 de
1721 2730 1972 2756 Carraria.11

1072 2775 1158 2806 padre
1177 2774 1290 2805 dunque
1310 2774 1338 2797 di
1360 2774 1498 2797 Alberssco
1520 2774 1622 2801 Leone,
1650 2773 1679 2797 di
1706 2781 1788 2797 nome
1814 2773 1972 2797 Francesco

1072 2824 1118 2840 era
1144 2814 1191 2848 gisl
1219 2818 1321 2846 morto,
1348 2816 1462 2847 quando
1488 2816 1646 2840 Francesco
1673 2816 1701 2840 di
1727 2816 1897 2840 Pierocontc
1926 2822 1973 2839 era

1072 2866 1177 2882 ancora
1199 2860 1276 2887 viso,
1298 2866 1311 2882 e
1331 2857 1378 2882 cio
1398 2859 1534 2890 permctte
1555 2859 1583 2882 di
1605 2859 1784 2890 distinguere
1805 2859 1813 2882 i
1836 2858 1888 2882 duc
1909 2865 1971 2890 sog-

1073 2901 1145 2931 getti
1164 2908 1179 2924 e
1200 2900 1380 2924 identificare
1399 2901 1425 2924 le
1445 2901 1594 2932 r1spettive
1614 2898 1771 2932 patu-nita:
1791 2907 1844 2924 con
1865 2900 1910 2925 cio
1931 2908 1970 2925 re-

1074 2946 1161 2968 stano
1182 2943 1270 2967 anche
1290 2943 1465 2968 identificate
1485 2943 1494 2967 i
1516 2941 1660 2975 rispettivi
1681 2943 1873 2972 discendenti.

2020 2567 2049 2592 ¹5

2021 2791 2053 2808 20
